2670 5294
394 288 443 339 oe
470 288 608 339 cassio
635 288 856 340 rannessa.
1133 271 1210 346 299

50 458 185 549 posset
219 449 451 550 argumentis
484 451 701 527 exornavit.
761 452 820 528 De
844 452 1029 551 scriptore
1054 454 1210 531 illorum

51 594 261 662 versttmn,
294 569 408 643 simul
434 578 553 669 atqie
577 572 620 644 in
644 572 773 645 lucem
797 572 890 645 editi
915 581 1061 665 essent,
1097 577 1209 649 ‹lidii-

52 690 132 763 tari
156 698 335 787 coepttnn
361 697 430 763 est.
483 690 652 763 Achilles
677 689 817 765 Statius
843 692 1021 789 quidem,
1048 692 1209 767 Rittcra-

49 806 190 883 husius
197 860 210 900 ,
256 806 513 907 Glandorpins
538 809 580 881 in
606 806 801 883 Onomast.
826 835 866 908 p.
890 811 1002 903 208„
1030 810 1211 887 schottus

52 928 277 1003 Observatt.
302 925 468 999 lltnnan.
493 925 602 1000 Libr.
620 925 670 999 ll.
697 952 731 1001 c.
749 928 812 1001 44.
837 954 878 1028 p.
896 930 959 1004 91.
986 931 1125 1029 aliique
1142 956 1211 1032 ge-

48 1046 197 1119 nuinos
224 1070 291 1119 eos
315 1054 357 1118 et
382 1046 560 1143 antiquos
587 1046 765 1121 dixerunt
789 1056 828 1122 et
854 1050 993 1123 Poetae
1023 1049 1209 1124 Pannon-

55 1164 112 1239 sis
145 1164 302 1265 ingenio
336 1172 377 1237 et
410 1165 582 1239 doctrina
617 1162 867 1265 dignissimos.
928 1166 1068 1241 Contra
1105 1168 1211 1242 Scri·

50 1280 184 1357 verina
216 1284 256 1357 in
285 1282 399 1363 Notis
424 1285 473 1356 ad
499 1283 700 1357 Pitlioeum
724 1284 849 1377 Matis,
886 1310 981 1383 (pras
1015 1286 1212 1359 Btmnan-

53 1425 130 1474 nns
164 1402 215 1475 ad
249 1402 364 1475 anth.
394 1400 480 1475 Lat.
505 1401 533 1475 l.
557 1426 590 1477 c.
625 1399 753 1494 affert,
797 1410 836 1476 et
867 1402 912 1476 N.
942 1405 1119 1478 Heinsius
1159 1407 1206 1477 aul

53 1518 207 1621 Virgilii
240 1522 335 1595 Aen.
361 1520 469 1594 Libr.
489 1518 553 1593 w.
578 1546 617 1595 v.
635 1516 723 1593 556.
749 1545 816 1595 eos
841 1522 991 1619 spurios
1008 1546 1092 1596 csse
1114 1548 1206 1621 pro-

57 1640 289 1713 nuntiarunt.
332 1637 637 1730 Wernstlorlius,
664 1639 697 1713 si
717 1664 795 1713 non
811 1664 833 1714 a
852 1639 981 1714 Cassio
999 1640 1208 1734 Parmensi,

59 1766 165 1833 certe
207 1759 255 1832 ab
296 1758 510 1856 antiquiore
546 1765 703 1831 auctore
735 1758 894 1856 scriptos
939 1782 1023 1832 esse
1066 1767 1209 1851 censet,

59 1902 180 1975 (pram
204 1876 320 1951 fuerit
344 1877 513 1951 Achilles
541 1876 683 1951 Statius
691 1876 748 1971 ⁵⁷).
807 1877 864 1949 Ab
896 1876 970 1951 hoc
996 1878 1099 1950 enirn
1125 1878 1209 1975 ipso

58 1998 186 2095 prime
213 1997 360 2071 editore
386 1995 538 2069 sacrauit
563 1997 630 2093 qui
654 1995 750 2069 illtnl
775 1997 961 2094 quidquid
981 2006 1039 2070 est
1052 2022 1212 2095 poenra·

58 2117 108 2191 tis
145 2115 400 2213 compositum
442 2123 482 2189 et
514 2138 584 2211 per
619 2115 792 2189 fraudem
829 2116 918 2188 satis
959 2116 1112 2189 obviarn
1145 2118 1209 2190 illa

56 2241 188 2309 aetate
218 2231 414 2307 Parmensi
447 2231 577 2307 Cassio
612 2232 782 2305 affictum
807 2255 889 2306 csse
914 2234 1206 2330 suspicarentur.

55 2354 145 2447 Qua
169 2352 326 2449 quidem
352 2350 486 2425 frande
504 2351 692 2426 Achillem
713 2349 879 2423 Statiano
895 2351 1104 2426 immunem
1121 2378 1207 2426 esse

54 2470 307 2546 G.Bnrtl1ius
342 2472 391 2544 ad
423 2468 620 2545 Claudiani
653 2472 702 2544 de
736 2470 845 2568 Rapt.
878 2470 1054 2567 Proserp.
1080 2470 1207 2545 Praei.

52 2588 383 2667 bisulcum.
416 2614 455 2687 p.
473 2590 564 2663 904.
590 2590 681 2665 inde
719 2590 894 2664 evincere
929 2590 1075 2682 studet,
1102 2592 1208 2687 quod

53 2708 117 2783 illi
148 2733 228 2783 non
252 2732 298 2784 ea
323 2708 439 2783 fauerit
461 2709 605 2809 ingenii
637 2709 715 2801 vis,
750 2716 794 2781 ut
818 2708 881 2782 vel
906 2733 1028 2781 unum
1052 2733 1208 2783 versum

53 2834 189 2903 tantae
223 2828 432 2928 elegantiae
463 2828 647 2924 potuisset
678 2828 906 2901 excindere.
965 2825 1098 2924 Neque
1126 2830 1209 2926 opi-

54 2948 178 3023 nione
201 2944 318 3021 ialam
344 2954 403 3022 est
429 2944 568 3043 Caspar
593 2946 782 3020 Barthius.
833 2946 930 3020 Nam
947 2946 1099 3019 illorum
1116 2972 1207 3021 ver-

54 3090 174 3141 suum
198 3066 363 3165 scriptor
387 3072 445 3139 est
458 3063 660 3138 Aaronem
691 3063 914 3163 Tlcylcsius,
941 3064 1076 3157 Italus,
1104 3065 1207 3139 Con-

56 3184 205 3261 sentiae
237 3186 280 3259 in
311 3182 468 3257 Bruttiis
502 3183 670 3280 equestri
705 3184 791 3259 loco
824 3190 933 3256 natus
978 3192 1017 3257 et
1054 3183 1205 3256 sacculo

57 3302 168 3377 XVI.
200 3302 358 3377 incarnte
385 3302 435 3375 ab
461 3301 674 3400 eloquentia
703 3326 748 3376 ac
773 3301 881 3401 poesi
906 3302 1040 3373 clauis.
1094 3300 1205 3375 Hunc

56 3423 163 3497 illius
188 3424 238 3497 do
264 3422 421 3519 Orpheo
446 3422 633 3521 poematis
655 3428 850 3495 auctorem
874 3440 956 3493 esse
983 3419 1109 3491 docuit
1134 3420 1204 3492 Fr.

58 3540 251 3632 Daniele,
291 3540 406 3641 Regis
431 3540 667 3639 Neapolitani
690 3538 1022 3639 Historiographus
1057 3544 1097 3611 et
1123 3538 1206 3611 edi-

57 3668 122 3737 tor
162 3660 376 3736 carminum
412 3660 742 3757 Thylesianorum.
808 3656 966 3757 Neapoli
1010 3656 1122 3731 1762.
1166 3660 1205 3731 8.

68 3838 276 3853 μ

147 3934 203 4007 57)
230 3928 267 3993 ln
297 3936 441 3995 communi
469 3935 595 3995 omnium
624 3932 687 3993 lere
714 3928 861 3992 hominum
889 3930 1036 3991 doctorum
1065 3952 1207 3995 consensu

57 4018 98 4081 als
125 4020 224 4095 spuria
252 4040 389 4081 remum
415 4022 537 4081 istorum
563 4021 675 4095 origine
703 4038 751 4079 me
777 4014 961 4077 veliementer
982 4020 1085 4077 animm
1107 4017 1207 4080 habuit

59 4104 140 4181 qnod
159 4126 252 4183 nuper
270 4107 331 4184 legi
352 4108 490 4181 scriptum
511 4126 529 4165 a
549 4102 588 4165 G.
606 4104 643 4165 1³.
663 4100 843 4165 Grotcscndo
864 4105 895 4162 in
909 4100 1022 4163 llrscliii
1041 4116 1071 4163 ct
1082 4100 1207 4165 (imberi

57 4188 221 4269 llnryclop.
237 4188 314 4253 Soet.
329 4190 368 4253 ll.
390 4190 476 4252 Tcm.
492 4187 538 4252 X.
560 4212 589 4267 p.
605 4193 679 4251 459.
695 4190 725 4249 b.
769 4186 800 4248 ls
820 4210 878 4249 non
890 4198 999 4249 tanturn
1017 4190 1095 4250 istud
1105 4210 1207 4265 pacina

59 4298 116 4353 pro
136 4278 262 4355 mnino
284 4274 381 4337 (lossii
402 4274 568 4339 Parmensis
589 4294 678 4353 opere
698 4272 801 4351 habet,
829 4274 883 4337 secl
904 4275 1004 4352 plnres
1022 4277 1102 4337 locos
1122 4276 1208 4335 etiarn

60 4364 221 4427 imitatione
239 4382 393 4441 expressos
410 4382 477 4425 essa
497 4363 568 4425 dicit
587 4362 624 4423 alr
645 4359 786 4423 Horatio!
