2670 5294
394 309 444 359 ns
471 310 609 359 esssro
637 310 857 361 rannessa
1130 289 1206 361 227

51 471 206 573 qrriarm
240 471 439 571 leguntur,
478 494 525 545 ea
559 470 622 545 hie
655 471 927 545 transscribere
961 474 1204 572 supersedeo,

52 599 202 689 utquae
228 614 316 665 cum
348 590 421 682 eis,
456 612 554 686 ‹prae
579 589 681 687 apud
706 588 896 665 Acronern
920 591 1121 691 leguntur,
1156 594 1205 666 ad

54 712 224 787 verbum
250 708 467 805 conspirent
474 708 533 803 ²³).
819 718 825 723 '

66 890 71 899 .
165 830 271 921 Quae
305 827 368 900 hic
404 826 503 925 apud
537 831 684 901 veteres
711 827 857 902 Horatii
884 828 1208 905 Connnentateres

56 948 108 1021 de
135 945 263 1021 Cassio
288 945 486 1018 Parmensi
520 945 640 1020 relata
665 947 848 1045 legimus,
884 972 929 1020 ea
954 956 1104 1021 tantum
1129 974 1208 1024 non

57 1064 208 1155 omnia,
243 1064 355 1137 utin
382 1088 424 1137 se
453 1069 543 1138 srmt
567 1064 803 1158 verisimilia,
836 1066 890 1139 ita
924 1067 1037 1140 etiam
1063 1091 1115 1141 ex
1140 1094 1208 1143 ve-

57 1182 134 1259 teri
157 1188 201 1256 et
225 1183 361 1257 illustri
385 1181 486 1255 fama
513 1183 623 1257 dueta
649 1208 734 1257 esse
759 1184 987 1277 ridebimus,
1014 1186 1048 1258 si
1065 1188 1208 1261 ‹lissim-

59 1301 226 1377 serimus
261 1302 309 1375 ab
344 1325 422 1374 uno
453 1301 529 1376 isto
562 1324 694 1375 errore
727 1302 776 1374 de
811 1302 980 1397 Thyeste
1014 1308 1209 1405 tragoedia

58 1444 133 1519 per
157 1419 313 1493 Varirrm
337 1419 468 1493 furtim
493 1420 617 1493 ablata
643 1426 681 1493 et
707 1419 828 1493 editas
873 1446 948 1517 qua
975 1423 1024 1496 de
1052 1448 1094 1496 re
1120 1425 1209 1498 satis

60 1538 282 1635 exposiuun
322 1546 380 1613 est
420 1538 462 1610 iu
504 1537 716 1611 Comment.
753 1539 801 1610 de
834 1537 882 1610 L.
922 1539 1046 1616 Vario
1088 1544 1211 1615 Poeta

60 1666 91 1747 5.
122 1658 185 1731 13.
246 1657 360 1755 Atqui
398 1656 494 1731 haee
535 1658 619 1754 ipsa
652 1658 863 1757 tragoedia,
911 1660 1064 1755 ‹pralcm
1097 1661 1211 1733 etiam

62 1774 194 1849 Cassio
225 1774 383 1851 Etnrsco
419 1777 466 1849 ab
503 1774 722 1849 Scholiastis
749 1778 976 1874 adscriptam
1003 1802 1087 1851 esse
1113 1780 1212 1853 ridi-

60 1918 170 1985 mus,
197 1893 399 1991 praecipue
423 1894 466 1965 in
492 1918 622 1967 caussa
641 1894 731 1987 fuit,
758 1903 800 1968 ut
813 1895 897 1967 tiri
914 1895 1025 1970 Docti
1042 1896 1083 1968 in
1102 1906 1211 1971 utro-

62 2035 140 2110 que
164 2010 312 2085 Horatii
335 2012 422 2087 looo
447 2036 567 2084 unum
593 2016 848 2110 ernrrdemque
874 2014 1047 2087 cassium
1072 2016 1211 2110 depre-

62 2129 236 2203 hendere
261 2130 334 2203 sibi
359 2130 593 2205 viderentur.
645 2130 692 2204 At
716 2132 790 2206 hoc
816 2141 1079 2230 argmnentmn
1097 2156 1213 2229 (liram

63 2248 150 2323 love
177 2248 227 2321 sit
252 2255 367 2344 atque
392 2247 614 2343 infirmum,
632 2242 747 2323 nemo
772 2272 852 2322 non
878 2249 1065 2347 intelligit.
1116 2249 1213 2323 Nam

63 2376 108 2441 ut
133 2368 408 2459 concedamus,
434 2368 537 2464 quod
562 2368 719 2442 minime
746 2368 1035 2442 cencedendmn
1052 2376 1119 2459 est,
1146 2392 1213 2467 ge-

64 2486 183 2559 nuina
217 2508 301 2559 esse
334 2485 405 2559 ista
439 2483 733 2560 Scholiastarum
776 2488 824 2559 de
860 2486 1052 2580 Thyeste,
1089 2486 1213 2561 Cassii

64 2601 217 2677 Etrusci
244 2604 458 2703 tragoedia,
485 2605 623 2697 verba,
659 2605 742 2702 quis
768 2630 848 2678 non
873 2605 997 2697 videt,
1023 2606 1110 2679 inde
1135 2629 1215 2679 nen

68 2722 165 2795 certi
200 2722 408 2819 quidquam
441 2746 555 2820 posse
592 2723 736 2823 colligi,
780 2749 857 2821 quo
891 2723 984 2795 illud
1018 2723 1215 2821 utriusque

66 2848 204 2939 poetae
239 2840 442 2915 discrimen
474 2841 631 2914 tollatur
637 2894 649 2933 ,
695 2867 781 2915 cmn
814 2842 862 2913 ab
896 2847 1060 2937 utroque
1087 2842 1214 2915 t'assio

67 2958 261 3059 tragoedia
294 2960 531 3058 cognominis
562 2960 677 3061 scribi
711 2960 880 3057 potuerit
913 2970 1027 3056 atque
1056 2969 1214 3033 exstare.

66 3078 243 3151 Alterum
267 3085 553 3177 argumentmn,
581 3104 651 3175 pro
673 3104 763 3175 (quo,
790 3080 996 3153 secundmn
1015 3078 1216 3152 Docerium

68 3202 107 3269 et
134 3192 403 3288 Sanadonum,
429 3196 602 3293 inprimis
631 3198 827 3271 Massonus
848 3207 1078 3295 propugnat,
1105 3220 1216 3291 repe-

69 3313 184 3387 titum
206 3321 266 3387 est
291 3314 340 3389 ab
374 3316 469 3387 urhe
494 3314 648 3407 Parma,
692 3339 792 3413 (prae
829 3339 917 3388 eum
951 3314 998 3384 ad
1023 3312 1217 3386 Etruriam

67 3431 315 3530 pertinuisse
330 3434 571 3524 crederetur,
606 3434 663 3507 illi
696 3459 777 3507 non
811 3432 971 3505 dulrirnn
996 3439 1052 3503 est
1078 3431 1216 3523 visiun,

68 3550 187 3649 quain,
224 3552 292 3649 qui
325 3550 459 3627 finisset
483 3552 619 3627 Parma
645 3554 850 3646 orirmdus‚
892 3550 1078 3649 potuisset
1105 3548 1218 3621 etiarn

69 3712 282 3725 ——

158 3792 218 3867 23)
241 3789 323 3852 Haec
352 3789 469 3854 Sdrolis
502 3792 619 3853 tractavi
648 3794 705 3865 jam
735 3794 765 3850 in
787 3787 974 3853 commentat.
997 3787 1035 3849 de
1056 3786 1095 3847 L.
1122 3787 1219 3851 Varro

68 3874 282 3950 Postu-13.
328 3878 511 3939 Burmannus
532 3879 567 3937 ud
588 3876 710 3936 Aruirol.
735 3876 802 3937 Lat.
825 3876 895 3934 Vol.
914 3875 935 3934 Ι.
959 3898 989 3950 p.
1006 3882 1057 3936 98.
1082 3895 1119 3933 ex
1142 3873 1217 3936 cod.

68 3960 249 4037 Franeqrrer.
271 3960 354 4021 affert
377 3966 462 4024 verba
485 3963 659 4024 Glossatoris
678 3962 714 4019 ed
736 3962 765 4020 h.
782 3964 803 4022 l.
829 3960 943 4021 Horatii
967 3962 1003 4021 de
1025 3959 1127 4022 Cassio
1150 3958 1219 4019 Par·

68 4048 183 4107 mansi:
205 4046 295 4123 „Hic
314 4046 468 4125 Epicurus
479 4052 550 4132 fuit
570 4064 598 4109 et
618 4051 749 4122 pot‘lu'‘.'
781 4069 854 4121 (pirae
878 4048 1025 4107 emendat:
1052 4044 1100 4107 hic
1121 4050 1223 4121 epirus

60 4132 136 4214 fuit
153 4148 257 4208 mdo.
301 4130 482 4211 ingeniosius
510 4136 626 4195 tentarit
647 4132 837 4192 Ruimkeuius
860 4132 895 4191 ad
917 4130 1027 4207 Vellei.
1052 4130 1113 4191 Pet.
1135 4132 1220 4191 laibr.

70 4216 114 4277 ΙΙ.
137 4238 163 4279 c.
180 4226 233 4281 88.
258 4222 286 4293 §.
304 4226 354 4279 1.:
382 4218 430 4280 luc
457 4220 624 4297 Epicureus
644 4219 715 4299 fuit
741 4232 768 4277 et
791 4232 893 4294 prosto.
944 4217 1041 4277 Dare
1063 4221 1124 4293 ipsa
1147 4216 1221 4275 nihil

70 4302 299 4381 affirmaverim,
331 4306 399 4367 iicet
421 4327 471 4367 rne
499 4328 556 4367 non
581 4308 686 4379 lateat,
719 4314 789 4380 quot
809 4306 864 4365 riri
890 4304 942 4364 iila
963 4315 1054 4363 aetate
1077 4305 1112 4363 de
1131 4318 1220 4379 grege

74 4388 197 4467 Epicuri
218 4390 336 4452 tuens.

923 4488 1005 4563 15*

1239 4446 1284 4592 ε,-
