2670 5294
144 681 223 761 lllb
505 708 558 761 nr
582 707 765 763 mrmc
790 709 939 765 νοω.

140 870 833 975 bunatum,utinecmagistratu,
872 869 1205 975 sipcmet,vi1¹i
1234 871 1287 947 sui

141 992 274 1069 similis
306 998 430 1085 essct,
461 990 503 1065 b·
528 1014 565 1066 e.
599 988 797 1087 Curionis,
830 993 901 1093 qui
922 992 1159 1089 Antonium,
1201 999 1287 1069 teate

141 1111 343 1187 Plutarcho
366 1111 408 1185 in
431 1109 572 1185 Antan.
596 1135 631 1187 c.
649 1110 710 1206 5.,
733 1111 808 1187 sibi
826 1109 1006 1213 adjunxit
1028 1120 1072 1189 et
1087 1112 1197 1188 baud
1210 1113 1288 1189 leve

142 1231 375 1332 praesidium
398 1229 574 1329 partibus
589 1228 752 1305 Julinnis
776 1232 934 1308 eddidit.
984 1232 1158 1332 Uterque
1180 1231 1288 1333 igitiu

142 1349 407 1451 largitionibus
439 1348 613 1425 Caesaris
648 1358 851 1449 corruptus
888 1352 1064 1430 vendidit
1097 1376 1196 1427 aruc
1227 1374 1299 1451 pe,

47 1494 59 1531 a
142 1469 273 1559 tricm3
298 1476 460 1567 uterque
482 1467 534 1542 ed
557 1469 759 1545 Caesarem
775 1468 899 1545 Romn
922 1468 1092 1573 contingit
1099 1522 1115 1566 ,
1140 1476 1288 1545 auctoee

143 1587 269 1663 Dione
311 1585 416 1663 Cass.
454 1584 564 1663 Libr.
591 1586 697 1661 XLI.
739 1613 774 1665 c.
799 1588 839 1663 3.
879 1589 975 1689 ibiq.
1006 1588 1137 1690 lntpp.
1171 1588 1222 1663 Τ.
1245 1586 1288 1663 V.

143 1734 185 1807 p.
204 1706 294 1783 283.
314 1704 394 1803 st,
426 1704 530 1782 laces
554 1707 657 1783 bello
682 1707 789 1785 civili
812 1707 982 1783 nrbdidit
1005 1716 1048 1783 et
1070 1709 1130 1785 sic
1152 1706 1289 1809 patriae

145 1827 345 1903 dominum
384 1826 580 1926 imposuit.
647 1825 697 1901 In
729 1834 937 1926 utrmque
977 1828 1094 1929 igitur
1137 1826 1290 1926 quadr!

145 1944 295 2049 Virgilii
319 1971 453 2024 versus
478 1946 588 2035 b2l.;
614 1953 653 2021 at
676 1946 729 2022 de
745 1971 825 2022 unc
843 1945 1009 2023 Antonin
1034 1946 1113 2023 dici
1135 1952 1289 2047 peterat,

145 2074 188 2143 ut
208 2066 310 2142 bene
334 2067 454 2141 sensit
479 2063 656 2143 Serviuse
688 2066 792 2163 leger
804 2064 912 2168 fixit
934 2065 1064 2168 pretia
1089 2078 1211 2168 utpuc
1233 2090 1289 2139 rr·

134 2184 263 2287 fixit,
298 2184 495 2260 utstatim
520 2186 784 2285 probabimus.
914 2220 917 2225 ·

249 2303 422 2379 Tametsi
444 2303 530 2379 lieri
552 2329 635 2379 non
659 2312 835 2405 peterat,
869 2304 965 2405 quin
987 2303 1164 2408 Augusto
1189 2304 1290 2380 illum

146 2425 276 2501 locum
306 2423 449 2525 legenti
482 2432 721 2501 succurreret
743 2421 953 2519 Antonius,
987 2432 1119 2499 tamen
1142 2422 1290 2525 Virgilio

146 2544 306 2621 minime
329 2544 542 2618 verendum
565 2552 670 2640 eret,
701 2567 754 2618 ne
777 2543 821 2617 in
845 2543 1025 2643 principis
1048 2543 1153 2619 illins
1179 2539 1291 2619 offen·

146 2665 296 2741 sionem
328 2661 526 2738 incideret.
595 2663 751 2739 Constat
790 2663 916 2758 enim,
959 2686 1060 2761 (piae
1101 2670 1141 2737 et
1175 2660 1290 2761 qualis

147 2782 264 2859 finerit
285 2783 390 2858 inter
415 2790 619 2882 utrumque
641 2782 904 2877 necessitudo,
929 2791 1084 2857 mutuae
1109 2782 1293 2858 obtrecta-

146 2904 280 2999 tionis,
305 2902 469 2978 invidiae
494 2910 536 2977 et
559 2901 757 2977 simultatis
771 2899 1002 3000 plenissima.
1052 2899 1182 3000 Atque
1206 2901 1293 2975 baec

148 3047 269 3121 quum
310 3021 499 3096 scribebat
538 3020 737 3122 Virgiliis,
779 3016 859 3121 jam
900 3020 1045 3095 dudum
1086 3020 1293 3096 debellabis

150 3148 233 3217 erat
256 3140 447 3215 Anterum
471 3141 520 3216 ab
546 3140 726 3241 Augusto.
775 3138 825 3213 Et
849 3139 882 3213 si
906 3139 1001 3237 quid
1031 3137 1205 3215 offensae
1237 3138 1293 3213 in-

150 3267 235 3337 erat
266 3258 309 3332 in
333 3260 482 3337 verbis:
508 3258 785 3360 dmniuumpcc
802 3270 1005 3359 putentem
1026 3258 1236 3360 ἕψων-ἃς
1257 3258 1293 3333 id

149 3402 267 3456 omne
292 3378 433 3454 sinon
456 3378 607 3471 vitavit,
636 3386 739 3453 certe
763 3378 949 3478 mitigavit
974 3403 1043 3473 ec,
1079 3379 1189 3477 quod
1213 3402 1292 3455 ver·

149 3524 216 3577 sus
239 3498 335 3573 istos
360 3520 414 3572 ex
438 3496 486 3572 Ι..
509 3496 619 3571 Varii
650 3497 692 3571 iu
715 3497 862 3573 iulium
888 3496 1091 3573 Gaesarem
1114 3494 1292 3596 Epicadic

149 3617 194 3693 in
226 3615 437 3691 Aeneidem
470 3617 705 3693 traduxerat.
764 3615 852 3694 iam
885 3616 1157 3714 quaerentibus
1189 3613 1292 3690 nebia

149 3761 197 3813 uc
221 3734 501 3833 divinantibus,
527 3760 643 3835 quem
667 3760 692 3810 e
705 3734 823 3812 Vario
848 3736 1083 3835 descriptum
1100 3734 1292 3837 intelligar,

151 3881 271 3933 nemo
306 3856 390 3931 sive
423 3880 479 3931 ex
509 3854 603 3930 iulii
627 3854 796 3930 Caesaris
828 3855 1056 3931 adversariis
1081 3854 1167 3931 sive
1190 3852 1293 3931 sotiis

151 3974 236 4079 ejus
259 3983 301 4050 et
313 3974 509 4073 potentiae
525 3974 755 4050 administris
769 3973 954 4069 occurrit,
978 3972 1021 4047 in
1037 3998 1159 4072 quem
1174 3970 1293 4050 omnia

151 4096 222 4171 ista
256 4094 387 4171 verius
424 4093 674 4189 convenient,
714 4118 831 4192 quam
863 4091 918 4166 Μ.
942 4091 1149 4169 Antonius.
1211 4088 1294 4187 Quis

151 4214 258 4291 enim
281 4214 377 4288 alius
400 4208 549 4313 majore
572 4208 658 4315 jure
682 4213 759 4288 dici
792 4218 944 4311 poterat
976 4212 1198 4287 vendidisse
1229 4234 1294 4311 pu·

152 4334 252 4431 pulis
270 4331 457 4425 Βαείιωη,
482 4334 510 4409 i.
530 4358 565 4409 e.
589 4330 651 4434 jus
665 4329 768 4407 Latii
784 4331 867 4408 sive
883 4326 1102 4408 civitatem?
1128 4330 1238 4425 Nun,
1257 4334 1296 4403 ut

155 4450 290 4527 Cicero
315 4452 369 4525 ait
393 4451 557 4552 Philipp.
574 4450 627 4527 Π.
652 4475 687 4528 c.
704 4452 787 4544 37„
820 4448 1172 4551 „inspectantibus
1196 4446 1296 4525 noti·

154 4578 236 4643 tcta
256 4568 451 4669 Capitolia
475 4572 635 4646 tabulae
648 4570 903 4670 figebantur:
928 4596 1052 4671 nepus
1065 4569 1200 4645 cultim
1220 4566 1296 4645 ets·

152 4684 259 4783 gulia
281 4687 467 4763 venibunt
489 4687 777 4781 inmunitates,
804 4691 874 4765 ced
896 4686 1020 4764 etium
1029 4687 1196 4789 populis
1214 4683 1300 4763 uni·

155 4803 291 4883 ceram
344 4804 492 4885 Civitas
515 4833 600 4883 unu
616 4811 706 4905 jam
727 4807 979 4907 singillatim,
1004 4810 1076 4885 aed
1085 4803 1303 4910 provinciis
