2670 5294
464 520 471 531 1

320 740 370 792 os
397 741 433 792 ι.
458 742 586 795 vauro
613 742 757 794 ronrr.
1060 720 1112 798 33

105 905 173 1001 sit,
207 902 317 980 Varii
341 928 498 981 carmen
530 907 580 982 ‹le
604 905 730 983 Morte
755 907 939 1008 scriptun
963 914 1003 985 et
1027 909 1110 986 etli-

89 1049 157 1100 sse
179 1049 251 1124 per
276 1047 395 1100 annos
419 1026 466 1100 U.
486 1023 530 1099 G.
547 1024 638 1101 713.
656 1032 695 1101 et
711 1028 801 1101 714.

89 1140 317 1247 {onjeuturae
350 1143 622 1242 qualicumque
655 1152 811 1220 noemae
845 1145 895 1221 ‹le
927 1144 974 1221 L.
1006 1146 1111 1224 Varii

89 1287 99 1339 r
124 1263 168 1336 in
190 1262 361 1338 Julianus
387 1271 514 1361 partes
543 1264 669 1339 sardio
690 1262 793 1340 favet
811 1265 945 1359 etiam,
970 1273 1018 1339 ut
1033 1263 1113 1368 jam

96 1380 258 1457 Vossius
291 1382 340 1454 ad
373 1379 524 1483 Virgilii
555 1381 686 1484 Eulog.
712 1382 781 1457 IX.
808 1410 846 1460 v.
865 1384 929 1459 35.
962 1411 1001 1484 p.
1021 1385 1111 1462 475.

89 1500 134 1593 it,
173 1500 287 1593 illud,
330 1501 432 1599 quod
471 1501 504 1574 is
540 1523 622 1575 non
661 1501 783 1576 multo
820 1510 909 1601 post·
944 1528 1112 1606 pugnam

89 1643 246 1718 pensem
271 1620 314 1693 in
338 1618 567 1694 Maeeenatis
592 1621 772 1696 convictu
796 1620 892 1716 fuit,
928 1630 1111 1722 tantarpre

89 1762 180 1813 earm
203 1739 341 1838 polbrit
365 1739 485 1840 gratia
511 1744 551 1812 et
573 1739 817 1834 summitate,
842 1748 887 1814 ut
900 1741 1110 1839 Horatium,

89 1858 276 1933 rianorum
294 1880 448 1932 osorem
467 1857 714 1951 acerrimum,
741 1882 831 1933 oum
848 1860 913 1933 illo
934 1868 1111 1959 patrono,

89 1977 142 2052 vis
167 1973 335 2070 offenso,
363 1976 582 2051 conciliaret
606 1976 724 2076 inque
759 1973 843 2077 ejus
876 1976 1113 2054 familialite-

89 2096 288 2170 radureret.
351 2091 467 2197 Cujus
493 2096 649 2195 quidun
673 2096 731 2171 rei
759 2096 866 2171 testis
890 2097 1113 2197 locupletis·

117 2238 206 2289 cum
238 2215 286 2289 sit
318 2215 402 2313 ipse
436 2223 550 2314 poeta
586 2214 827 2311 Vcnruinus,
867 2218 910 2290 in
941 2217 1112 2292 medium

89 2341 207 2407 nntru
230 2357 388 2408 necesse
414 2341 474 2408 est
498 2330 580 2435 ejus
607 2336 817 2410 oanniuum
841 2336 936 2431 loci,
971 2336 1111 2433 ‹pribus

89 2454 153 2526 itia
179 2476 266 2533 mea
290 2453 487 2547 innititur,
514 2461 572 2547 et,
598 2461 778 2553 ‹prantam
792 2454 957 2554 quisqam
972 2454 1113 2529 babeat
1179 2496 1186 2507 ·

102 2596 238 2647 caussa
263 2572 345 2650 vim
371 2596 415 2646 ac
439 2571 575 2666 fidem,
609 2597 698 2647 curn
731 2597 823 2647 cura
847 2598 870 2647 a
894 2597 959 2647 me
985 2573 1113 2649 ‹leola-

142 2692 263 2790 Atqui
296 2690 403 2767 inter
422 2716 555 2766 omnes
592 2698 761 2784 constat,
796 2691 941 2791 singula
966 2690 1114 2766 Horatii

89 2835 134 2884 na
157 2836 238 2886 non
263 2835 333 2904 eo,
359 2833 436 2907 (pro
461 2810 635 2884 inlibris
671 2809 817 2908 scriptis
843 2809 1031 2907 editisque
1054 2809 1115 2882 le·

89 2954 124 3024 r,
159 2931 293 3005 ordine
327 2931 465 3028 scripta
490 2953 572 3004 esse
598 2936 713 3026 atque
747 2928 861 3002 edita.
912 2927 1048 3025 Itaque
1072 2926 1114 2998 in

89 3050 153 3123 bac
187 3049 439 3148 disputatione
475 3047 676 3148 diligenter
708 3047 887 3121 habende
908 3047 1021 3121 nobis
1055 3051 1114 3121 est

88 3168 291 3266 temporis,
325 3191 403 3265 quo
428 3167 616 3266 singrrlum
641 3166 842 3263 quodrpre,
868 3162 977 3266 majus
1003 3165 1114 3240 testi·

89 3316 98 3362 i
130 3289 190 3362 uti
221 3289 367 3387 placet,
411 3308 550 3386 poema
583 3284 828 3384 probabiliter
862 3283 1115 3381 compositum

139 3405 208 3480 Est
232 3414 361 3481 autem
387 3405 480 3480 baec
505 3406 674 3503 quaestio
698 3403 885 3478 artissime
911 3398 1115 3502 conjuncta

89 3645 110 3723 t)
132 3644 218 3725 Quae
242 3644 310 3706 bac·
323 3645 359 3706 de
380 3665 413 3705 re
435 3655 499 3705 ante
520 3642 577 3705 bos
597 3646 677 3720 ipsos
696 3636 821 3721 quinquie
848 3662 938 3702 armos
958 3639 999 3701 L.
1023 3639 1118 3702 Varii

99 3742 128 3791 et
157 3736 216 3808 jam
246 3735 325 3808 prius
357 3735 388 3790 iu
420 3728 666 3791 Commentatioue
704 3730 743 3790 de
778 3727 898 3789 Iarbita
942 3728 1117 3803 Timagenis

89 3833 147 3877 tore
175 3819 203 3893 §.
222 3825 252 3879 7.
277 3839 308 3892 p.
328 3820 402 3877 453.
417 3836 461 3890 sq.
491 3819 611 3874 strictim
634 3837 712 3875 arne
733 3814 874 3889 disputata
896 3826 978 3889 struat,
1004 3832 1116 3888 eonrm,

107 3904 216 3962 assolet
235 3904 265 3961 iu
286 3922 318 3961 re
340 3914 397 3961 tam
418 3901 583 3976 disputabili
611 3912 640 3961 ct
662 3902 814 3977 opinabili,
849 3900 905 3958 alia
926 3898 976 3957 alii
998 3898 1046 3957 rel
1066 3916 1117 3972 ap·

89 4000 124 4047 art
148 3990 198 4047 vel
218 3988 421 4061 improbarunt.
467 3985 547 4046 luter
567 4006 617 4046 eos
639 3988 849 4062 praecaeteris
876 3981 1116 4044 commemorandi

90 4086 140 4133 unt
170 4072 322 4132 Drrumviri
353 4074 531 4144 doctissimi,
569 4069 636 4131 Car.
662 4071 813 4131 Passovius
839 4072 869 4127 in
897 4066 1117 4126 Dissertatiotte

89 4182 109 4219 a
130 4172 159 4218 et
179 4158 293 4218 Aetate
316 4156 354 4238 (i.
376 4154 505 4216 Horatii
524 4156 632 4217 Flacci
658 4158 790 4231 perdocte
819 4165 849 4213 et
876 4155 1024 4228 eleganter
1045 4152 1117 4212 scrl·

91 4266 157 4303 uam
186 4242 378 4318 Epistularum
407 4242 508 4302 llorat.
538 4240 665 4301 Editioui
696 4239 795 4315 (Lips.
820 4245 927 4311 1833.)
957 4241 1116 4313 praemisit,

89 4374 95 4390 .
122 4326 324 4403 litterarius,
354 4329 404 4401 qui
431 4330 594 4402 nrrprcrrimc
622 4329 652 4385 in
685 4322 908 4411 (incusationibus
936 4323 1119 4385 Horatianis

89 4417 148 4492 argi
182 4417 293 4485 1834.)
328 4426 537 4471 controversam
568 4414 649 4473 illam
678 4434 740 4472 rem
771 4431 828 4469 uuo
859 4412 961 4469 minori
990 4412 1118 4470 doctriua

89 4502 239 4577 sagacitate
268 4510 389 4558 tractare
417 4501 520 4571 coepit.
573 4497 755 4576 Quamquam
784 4506 907 4571 uterque
925 4492 986 4556 vir
1007 4494 1119 4559 Doctus

113 4596 146 4645 nt
176 4603 253 4643 nunc
279 4583 316 4642 de
338 4584 484 4642 nonnullis
504 4584 587 4641 aliter
608 4587 728 4641 scirtium
749 4603 834 4657 quiam
856 4583 942 4658 olim3
971 4585 1119 4643 tamenin

101 4671 156 4732 bac
182 4671 455 4731 commentationum
481 4688 610 4727 mearum
639 4668 764 4727 editione
792 4666 866 4727 nibil
894 4689 1013 4743 corum,
1045 4686 1119 4741 quse

114 4779 150 4818 re
175 4758 282 4831 script·
305 4766 372 4815 suat
392 4775 410 4814 a
432 4772 495 4828 suc,
526 4755 651 4824 mutari,
687 4772 743 4812 uon
765 4752 844 4828 quod
864 4753 973 4830 pudore
994 4750 1118 4824 quaedem

89 4846 130 4904 ico
152 4841 313 4917 simplicem
334 4841 493 4902 sententiae
514 4849 636 4898 rnutatae
658 4843 800 4900 errorisre
825 4838 1033 4898 corrfessiouem
1053 4851 1119 4906 per·

836 4940 900 5011 3*
