2686 5236
488 628 694 732 excursus
721 678 783 730 m.
1103 650 1108 656 ’
1136 656 1210 734 155

62 840 125 915 12.
151 847 183 929 §-
208 836 245 913 1.
269 845 370 915 nitar.
420 838 469 915 ln
492 840 599 917 omni
624 841 727 919 vitae
755 843 1044 943 studiorumque
1069 868 1211 948 genere

59 957 210 1057 antiqui
236 963 355 1033 tenax
375 959 515 1053 moris,
542 985 619 1059 quo
645 968 690 1037 ut
713 962 875 1061 chsque
898 962 1033 1038 baberi
1056 965 1211 1041 volebat

58 1076 208 1153 liberali
232 1078 406 1152 doctriua
421 1078 694 1177 politissimus,
718 1080 771 1156 ita
794 1082 965 1157 maxime
989 1084 1212 1159 versabatur

58 1199 104 1271 iu
137 1197 412 1296 componendis
444 1198 696 1295 carminibus,
738 1200 976 1300 scriptitabat
998 1202 1211 1301 tragoedias

59 1316 127 1393 rel
150 1318 200 1390 ed
225 1316 342 1391 aninri
365 1317 601 1415 voluptatem
624 1318 687 1393 vel
712 1319 762 1393 ad
781 1320 958 1395 alendam
974 1320 1128 1395 dicendi
1143 1344 1211 1397 co-

59 1436 178 1535 piam.
222 1431 300 1527 Sic,
326 1442 370 1508 ut
385 1436 557 1510 omittam
575 1436 621 1530 Q.
639 1436 809 1511 Tullium
830 1438 1068 1534 Ciceronem,
1094 1464 1212 1539 qun

60 1554 229 1629 sedecim
261 1554 397 1628 diebus
430 1564 593 1653 quatiam
625 1557 839 1656 tragoedias
870 1558 1075 1634 absolvisse
1098 1558 1213 1636 novi·

60 1697 149 1748 mus
180 1696 234 1747 ex
267 1664 388 1749 Marci
418 1672 547 1747 fratris
582 1674 632 1748 ad
665 1698 754 1749 etun
783 1675 891 1752 Libr:
915 1675 985 1751 111.
1022 1676 1144 1777 Epist.
1171 1678 1211 1752 o.

60 1801 94 1882 §-
119 1794 180 1886 7.,
214 1792 422 1867 memoriae
447 1792 644 1893 proditum
669 1793 849 1893 legimus,
885 1792 928 1869 G.
944 1793 1092 1872 lulium
1117 1793 1214 1870 Gae-

63 1935 190 1989 sarem
212 1907 445 1987 Strabonem
469 1912 573 1987 inter
595 1911 740 2010 primos
756 1911 816 1985 sui
837 1913 1019 2011 temporis
1045 1919 1214 1989 oratores

62 2038 105 2105 et
127 2030 314 2132 tragicrun
338 2039 491 2129 poetam
515 2031 664 2105 bonum
688 2030 896 2106 admodrnn
913 2054 999 2106 esse
1019 2030 1211 2107 habitum:

62 2148 143 2225 vid.
182 2149 369 2225 Asconius
400 2137 591 2225 Pedianus
622 2150 672 2225 ad
707 2147 829 2224 Cicer.
864 2147 933 2225 Or.
967 2174 1040 2249 pro
1076 2147 1213 2227 Scanr.

63 2266 178 2342 Tem.
193 2266 296 2342 xvl.
321 2266 365 2341 P.
383 2271 421 2343 2.
447 2294 488 2367 p.
504 2268 592 2344 243.
611 2292 669 2369 sq.
700 2270 762 2346 ed.
780 2266 937 2344 Sclriitz.
963 2277 1004 2344 et
1025 2294 1080 2344 m.
1098 2268 1214 2345 Gom-

62 2394 182 2463 menl.
208 2388 257 2460 de
283 2387 325 2464 0.
341 2384 496 2461 Liseus
516 2387 638 2465 calvo
654 2391 777 2462 Poeta
802 2397 834 2477 ς.
854 2390 893 2464 9.
919 2387 967 2466 N.
983 2390 1046 2463 30.
1072 2414 1111 2488 p.
1125 2390 1212 2464 127.

62 2502 262 2604 Ejusmodi
295 2512 547 2603 praestantem
581 2506 709 2582 virum
748 2506 957 2580 aemulatus
989 2506 1111 2581 Pollio
1135 2514 1215 2581 tre·

63 2624 219 2726 goedios
244 2624 476 2723 composuit,
511 2649 591 2698 uon
615 2650 693 2723 quo
727 2648 792 2699 cas
816 2625 858 2697 iu
884 2648 1038 2699 scenam
1062 2624 1216 2724 profer·

63 2751 146 2837 ret,
171 2742 239 2817 sed
263 2749 308 2815 ut
332 2764 397 2817 eas
421 2750 619 2840 tamquam
643 2742 785 2844 ingenii
801 2743 862 2817 stri
886 2742 1098 2817 sardionrm
1123 2766 1216 2841 pro·

62 2870 201 2941 ventu
225 2886 314 2936 uun
339 2860 469 2936 amicis
495 2862 794 2937 commrmicaret
817 2870 885 2941 aut
908 2862 951 2935 in
966 2884 1102 2936 eormn
1120 2884 1216 2936 con·

64 3005 175 3056 sessu
207 2980 398 3056 recitaret.
473 2978 558 3054 Non
591 2988 721 3080 potest
752 2980 930 3081 componi
957 3004 1046 3057 cum
1078 2978 1215 3079 Pupio,

64 3108 181 3203 poeta
213 3097 385 3197 aesprali,
427 3095 536 3199 cujus
562 3096 772 3173 Issorimoses
795 3112 981 3201 poenula
1005 3100 1046 3173 lr.
1073 3122 1110 3176 e.
1135 3106 1217 3174 tra·

64 3218 221 3320 goedias
243 3218 389 3294 Romae
412 3217 455 3291 iu
479 3216 638 3293 theatris
662 3226 848 3316 spectatas
874 3242 978 3312 esse,
1012 3218 1096 3317 ipse
1121 3242 1217 3293 eon·

64 3340 190 3413 iesssu
213 3361 301 3411 snm
325 3337 369 3410 iu
390 3334 606 3412 comment.
632 3337 684 3409 de.
705 3336 1035 3413 obtrectatoribus
1051 3333 1221 3411 Hos-otii

63 3454 226 3547 §.2-N.
241 3457 280 3531 e.
305 3480 344 3554 p.
361 3456 449 3557 276.
468 3478 527 3553 sq.
590 3454 733 3529 Verum
757 3457 861 3531 enim
886 3479 982 3532 vero
1007 3456 1112 3556 quod
1137 3454 1218 3529 Pu·

62 3576 153 3675 pius
186 3574 329 3673 aliique
359 3570 473 3678 hujus
507 3570 653 3648 fadnae
687 3574 881 3649 dramatici
911 3582 1051 3674 poetae
1074 3572 1216 3668 iecere,

63 3695 107 3768 id
131 3718 213 3768 nou
238 3693 422 3768 credibile
455 3699 513 3768 est
546 3690 690 3768 facona
714 3715 799 3767 esse
823 3716 847 3767 a
871 3692 1062 3785 Pollione,
1088 3698 1216 3765 tantae

65 3812 298 3914 dignationis
330 3810 430 3887 vire.
491 3811 654 3886 Adeone
685 3832 777 3885 snae
809 3810 989 3885 claritatis
1014 3809 1219 3883 immemo-
1299 3804 1302 3809 ’

64 3956 153 4007 rem
177 3930 315 4023 fiune,
353 3936 398 4004 ut
432 3929 504 4005 heo
528 3930 677 4004 ratione
702 3930 762 4003 sini
786 3927 930 4030 ingenii
955 3936 996 4003 et
1020 3926 1219 4002 doctrinae

64 4050 211 4125 famam
241 4049 284 4124 in
318 4048 525 4124 discrirnen
556 4042 843 4123 committeret?
883 4046 968 4122 Non
989 4045 1119 4121 hercle
1142 4042 1219 4122 levi

66 4176 109 4244 et
140 4167 316 4245 mutabili
345 4168 471 4267 plebis
504 4164 645 4269 judicio
677 4190 765 4241 suas
800 4160 961 4265 subjecit
983 4162 1217 4265 tragoediam

66 4295 131 4383 at,
173 4310 262 4363 urm
295 4286 454 4362 domum
485 4308 593 4361 suram
616 4283 868 4359 recitantibus
892 4282 1103 4359 liberaliter
1126 4302 1217 4357 enm

65 4404 264 4507 apennine
287 4410 456 4498 constet,
480 4404 579 4479 nibil
605 4410 666 4479 est
686 4402 951 4497 verisimilius,
977 4425 1114 4502 quarm
1141 4400 1219 4475 sio-

66 4533 112 4599 ut
152 4524 317 4599 aliorum
353 4522 642 4599 recitationibus
682 4519 868 4622 frequens
900 4522 1124 4616 interesset,
1166 4520 1220 4595 ita

48 4644 196 4745 ‘ipmm
228 4664 383 4743 quoque
415 4642 477 4717 sui
508 4639 652 4745 ingenii
681 4662 800 4742 opera
830 4640 1060 4743 praelegisse
1087 4638 1219 4715 amicis

67 4759 727 4865 domisueecongregarisolitis.
792 4757 1220 4865 Gsrjusqssidsmsen·
