2670 5294
418 326 469 377 on
495 327 532 379 ι.
548 325 675 379 vnnro
701 327 848 381 rorrn.
1132 307 1207 385 1⁰7

56 486 152 565 totis
167 486 389 567 dobutur.“
411 491 506 591 ibiq.
523 491 714 569 Abramus
738 493 787 568 Τ.
799 492 833 568 Ι.
858 519 898 594 p.
915 490 1003 570 542.
1020 495 1084 571 ed.
1101 494 1207 572 Wdl.

55 608 224 709 Philipp.
244 608 317 685 llI.
343 634 379 687 e.
395 610 453 687 4.=
485 609 618 712 „Quis
650 622 784 687 autem
813 640 889 687 rev
912 638 1102 715 umpssum
1114 614 1209 714 fuit

57 740 145 805 tam
175 724 359 827 bagnae
393 728 622 831 impudens,
655 742 703 805 ut
740 731 900 808 haema
935 733 1073 809 onmia
1105 760 1209 809 coru-

57 848 203 941 moda,
245 848 454 951 beneficae,
493 852 592 945 iura
621 849 737 946 regni
767 847 956 929 venalia?
994 880 1115 954 quum
1147 853 1211 927 lu'c

59 967 370 1063 summutas,
396 996 540 1071 ,quum
579 968 800 1064 civitaten,
841 973 947 1073 quod
976 971 1208 1073 praernium

59 1112 143 1163 raon
159 1088 224 1163 vel
244 1086 408 1185 siagrtb‘r
424 1088 667 1181 Ιιοωίηἰὸιω,
693 1091 756 1165 vel
771 1089 1016 1184 civitatibus,
1042 1092 1104 1165 vel
1117 1091 1210 1165 πιπί-

60 1204 184 1283 versis
201 1206 420 1309 provincis}
443 1203 677 1284 vmdrilit?“
700 1208 866 1311 Philipp.
888 1206 997 1286 V.'o.
1016 1212 1074 1285 4.=
1098 1213 1211 1301 „De-

59 1338 170 1401 oretu
182 1327 309 1427 fulua
331 1326 543 1418 vendebutf
577 1354 724 1425 regua,
753 1327 955 1421 civitates,
980 1328 1211 1404 ammonitu·

59 1456 141 1540 ies,
166 1444 213 1521 in
236 1471 326 1539 aes,
352 1459 514 1548 accepta
532 1446 706 1548 pecunia
715 1499 731 1540 ,
757 1448 918 1545 jubebat
943 1446 1110 1523 dmidis‘
1160 1447 1211 1521 Et

59 1562 226 1664 Philipp.
246 1564 338 1641 XII.
362 1590 396 1641 o.
415 1563 475 1642 5.=
508 1566 818 1660 ,dmmundotes
842 1566 894 1640 ub
918 1590 986 1658 eo,
1021 1566 1212 1659 civitates,

61 1682 307 1781 mmdotia,
330 1710 456 1783 regna
480 1686 699 1763 unumne.
748 1686 859 1763 Num
872 1688 1055 1785 figentur
1071 1710 1213 1761 rursus

62 1828 134 1877 eae
168 1802 349 1897 tabulae,
392 1832 492 1907 psum
515 1831 586 1882 ooo
610 1805 773 1883 ἀοονοιίε
796 1803 937 1881 vestris
961 1798 1213 1905 refixistiffl

64 1920 165 1999 Vide
188 1924 239 1999 ad
262 1924 304 1999 h.
319 1924 347 1999 l.
363 1924 626 2023 Garatoniurn,
652 1927 720 2026 qui
737 1927 874 2028 allegat
889 1923 1212 2027 Spauhemiuml.

63 2040 162 2119 0rb.
188 2040 301 2119 Rom.
320 2044 381 2120 17.

166 2160 236 2236 llis
260 2172 435 2240 annuato
461 2174 502 2241 et
526 2164 608 2239 sine
634 2164 835 2265 eupiditate
854 2162 1028 2263 perlectis
1048 2162 1135 2261 quis
1153 2170 1214 2238 est

64 2281 160 2382 quin
194 2280 237 2355 in
271 2283 373 2359 Varii
406 2285 578 2362 versilJus
621 2279 793 2384 ejusdem
833 2280 1002 2382 effigiem
1034 2281 1213 2375 hominis,

65 2401 132 2501 qui
155 2400 200 2475 in
224 2400 376 2479 civitate
390 2401 530 2477 Gomul
555 2403 685 2479 omnia
699 2400 974 2501 permiscebat,
1000 2399 1215 2498 impudenti

64 2520 227 2599 eudemo
250 2528 288 2597 et
311 2520 482 2596 lubidine
507 2546 576 2622 per
600 2518 686 2623 jura
704 2520 834 2597 divina
851 2520 1092 2617 humanaque
1109 2542 1216 2620 gras-

64 2648 193 2736 satus,
218 2639 406 2739 depictam
423 2640 606 2718 inveniat.
657 2641 709 2715 At
732 2644 893 2738 quaerat
913 2637 1122 2736 quispiam,
1148 2633 1217 2735 qui

64 2758 151 2835 lieri
177 2758 358 2859 potuerit,
382 2766 426 2833 ut
443 2758 581 2835 Varius
598 2759 829 2855 Antonium,
857 2756 1121 2833 Triumvirum
1143 2778 1216 2854 po-

65 2887 218 2955 tentem
242 2885 282 2953 et
305 2876 506 2955 Octaviani
523 2878 727 2979 collegam,
752 2884 831 2953 tam
856 2886 988 2978 aperte
1013 2883 1054 2950 et
1078 2875 1216 2950 acerbe

65 2996 341 3099 perstringeret
364 3022 413 3073 eo
438 2998 597 3097 <pridem
619 2998 661 3071 in
685 2997 874 3091 ear-mine,
901 2997 1006 3096 quod
1031 2994 1216 3094 scriptum

66 3125 172 3193 esset
191 3117 233 3191 in
247 3116 433 3192 honorem
451 3115 494 3191 G.
508 3114 601 3194 lulii
617 3114 799 3212 Caesaris,
825 3113 933 3217 eujus
948 3115 990 3189 in
1006 3110 1216 3190 affectando

66 3236 233 3336 imperio
263 3258 333 3310 seu
357 3235 608 3335 opprimenda
632 3236 825 3335 republica
848 3235 973 3310 fuerat
997 3233 1218 3308 administer

67 3364 251 3431 strenuus
275 3377 321 3431 ao
343 3349 482 3431 fortis?
514 3352 661 3431 Verum
694 3354 799 3429 enim
822 3378 917 3431 vero
945 3352 1013 3451 qui
1040 3350 1218 3425 Octavia·

68 3496 165 3549 num
190 3474 292 3550 bene
314 3475 485 3572 noverit,
517 3473 613 3549 mihi
636 3498 717 3548 non
742 3472 930 3547 dubitabit
954 3469 1133 3545 accedere
1159 3467 1219 3539 di-

70 3594 194 3689 oenti,
216 3592 468 3669 valer-timum
484 3594 600 3669 istum
616 3590 800 3696 juvenem
814 3591 904 3666 inde
921 3614 944 3665 a
962 3588 1079 3665 caede
1095 3609 1218 3683 usqne

69 3712 251 3789 ammonii
274 3713 334 3788 sui
357 3712 400 3787 id
424 3713 553 3789 animo
578 3713 756 3815 agitasse,
792 3716 836 3783 ut
860 3709 965 3784 eolus
989 3730 1122 3783 rerum
1146 3728 1219 3803 po-

68 3831 231 3927 tiretur,
254 3838 322 3928 ut,
347 3832 539 3932 oppressis
562 3856 632 3930 per
648 3829 856 3907 Antonium
873 3828 992 3901 Bruto
1017 3834 1056 3900 et
1075 3824 1218 3918 Cassio,

69 3951 216 4026 sensim
234 3950 454 4049 sensimque
468 3975 557 4025 suos
571 3950 613 4024 in
630 3950 892 4026 Triumviratu
908 3947 1070 4047 collegas
1086 3951 1219 4019 auoto-

70 4070 186 4145 ritnte
218 4076 261 4145 et
291 4070 460 4170 potentia
482 4069 650 4169 privaret
672 4076 733 4165 et,
764 4068 834 4142 ubi
859 4065 1007 4143 oooasio
1032 4062 1152 4138 ferret
1175 4087 1220 4138 ao

70 4198 241 4289 templu,
269 4212 337 4265 eos
351 4189 599 4291 opprimeret.
640 4189 767 4282 Quare
782 4187 898 4265 etiam
911 4192 1061 4261 tantum
1076 4182 1218 4276 aberat,

70 4314 117 4383 ut
139 4332 257 4412 segre
280 4308 423 4403 ferret,
465 4308 507 4387 si.
522 4308 706 4411 eollegam
729 4332 841 4384 suum
873 4307 922 4385 ab
957 4304 1041 4381 aliis
1071 4302 1221 4379 videret

70 4429 303 4530 audiretque
326 4428 608 4531 vituperatum,
638 4436 685 4505 ut
709 4428 823 4506 auito
846 4434 1004 4531 peoora
1027 4420 1219 4523 probaret.
