2670 5294
487 940 809 1025 EXGURSUS
850 947 883 1021 1.

134 1306 440 1417 DIVERSIS,
487 1308 594 1423 0111
632 1308 921 1401 CAESARIS
959 1310 1228 1403 AUGUSTI

245 1463 497 1552 AETATE
526 1462 871 1572 VIXERUNT,
915 1462 1116 1553 VARIS.

107 1620 305 1761 omnem
338 1682 389 1758 de
424 1680 470 1761 V
461 1678 548 1755 cris
579 1681 863 1779 quaestionem,
897 1703 971 1782 per
994 1706 1038 1758 se
1062 1680 1256 1759 difficilem

104 1808 146 1877 ct
170 1800 408 1903 ambiguum,
432 1824 458 1875 a
482 1801 678 1878 veteribus
706 1799 993 1897 Grammaticis,
1027 1827 1149 1900 quum
1176 1827 1257 1877 non

104 1920 223 1995 modo
256 1919 386 2018 plures
421 1920 555 1997 Varus
588 1918 888 2016 continuerant,
924 1921 992 1995 sed
1027 1920 1143 1995 etism
1171 1921 1216 1998 V
1209 1947 1256 1994 o-

103 2036 214 2113 rr'um
244 2036 404 2113 Poetsm
438 2062 526 2113 cum
560 2039 605 2116 V
599 2062 673 2113 arc
705 2039 833 2137 aliquo
864 2040 1092 2134 miscerent,
1133 2040 1254 2115 multo

103 2157 226 2259 magis
251 2158 445 2231 turbatum
468 2180 577 2249 osse,
603 2182 721 2255 quam
745 2166 852 2233 recto
869 2158 1130 2235 observaverit
1150 2160 1255 2255 Hey·

103 2276 192 2351 nius
217 2276 266 2351 in'
284 2274 449 2355 Excurs.
465 2276 515 2351 Η.
541 2277 591 2351 cd
615 2276 751 2377 virgil.
777 2276 859 2351 Ecl.
877 2276 940 2351 VI.
957 2278 997 2352 6.
1023 2284 1064 2351 et
1088 2276 1254 2372 1X.27.‚

103 2394 177 2470 hoo
211 2393 294 2495 ipsu
326 2396 377 2470 de
409 2394 460 2470 L.
484 2394 609 2473 Vario
636 2398 760 2471 Poeta
795 2394 1052 2493 ‹lisputatione
1087 2396 1253 2471 ostendi-

102 2538 206 2589 mus.
266 2513 414 2589 Vemm
445 2522 595 2610 tumen,
639 2514 814 2613 qumvis
839 2538 953 2614 saepe
976 2514 1168 2589 incorum
1191 2515 1254 2609 sit,

105 2642 238 2707 utrum
261 2632 314 2708 L.
334 2633 484 2711 Varius
506 2634 774 2735 intelligendus
800 2632 851 2708 sit
875 2656 926 2708 en
945 2632 990 2713 V
982 2659 1081 2708 ames
1104 2633 1255 2731 aliqua,

105 2762 257 2847 tumen,
295 2778 373 2852 quo
406 2755 534 2853 plumes
565 2753 725 2854 Augusti
759 2760 883 2829 ectste
916 2752 1126 2829 floruenmt
1153 2751 1259 2832 Vari

108 2882 145 2949 et
180 2896 264 2970 quc
295 2872 590 2975 negligentiores
622 2874 664 2948 in
694 2870 899 2949 afferendis
933 2873 1067 2948 eorum
1090 2896 1256 2972 praeno·

108 2991 275 3067 minibus
307 3014 354 3067 uo
387 2992 607 3068 nominibus
631 2993 837 3094 gentilibru
868 2991 1028 3066 fuerumt
1054 2991 1255 3066 Gramma-

109 3110 191 3205 tioi,
215 3110 294 3187 hoc
317 3108 507 3186 difficilius
531 3119 590 3187 est
615 3113 665 3187 au
687 3108 995 3213 dijudicandum,
1022 3106 1131 3211 cujus
1152 3110 1195 3187 V
1189 3108 1258 3185 ori

112 3230 292 3306 memorie
325 3232 374 3306 cb
406 3230 482 3306 hoc
513 3230 632 3306 illo've
664 3232 848 3330 scriptore
881 3231 1077 3329 prodatur.
1129 3230 1255 3323 Quare

114 3350 304 3425 nemiuem
325 3350 469 3425 mirum
491 3349 648 3425 habehit
678 3350 813 3452 iugens
838 3350 1020 3424 Virorum
1043 3348 1255 3423 Doctorum

118 3465 301 3543 incussus
326 3469 376 3544 de
404 3469 537 3560 Varo,
563 3468 645 3564 cui,
677 3478 721 3543 ut
745 3490 861 3567 supro
884 3468 971 3559 Μ.
996 3467 1160 3541 relatum
1181 3473 1253 3560 est,

120 3586 220 3687 vulgo
255 3594 414 3686 putetur
449 3585 618 3663 Catullus
650 3588 887 3686 inscripsisse
922 3586 1047 3662 Germ.
1068 3585 1140 3680 X.,
1176 3608 1253 3683 quo

123 3724 180 3781 uos
210 3706 317 3783 velut
347 3706 572 3805 postliminii
602 3702 689 3807 jure
712 3706 842 3781 redire
866 3730 971 3781 mmo
994 3702 1177 3806 jussimus
1202 3702 1253 3777 L.

89 3895 94 3911 ,
126 3818 280 3899 Varium
293 3827 467 3900 Portam.
509 3824 582 3919 Qui
596 3826 699 3924 apud
723 3824 901 3899 eumdem
917 3823 1107 3900 catonum
1124 3820 1252 3898 Germ.

89 4035 94 4046 Ι
124 3934 230 4019 mn
260 3942 305 4023 V
297 3969 416 4019 arum
423 3994 439 4036 ,
464 3950 504 4019 et
529 3941 654 4019 Corm-
670 3944 797 4019 XXX.
821 3941 1052 4044 Asphenum
1076 3968 1148 4043 pro
1172 3965 1253 4018 uno

89 4051 322 4161 interque
346 4061 504 4139 homine
527 4062 690 4156 habent,
714 4085 875 4157 vereor,
898 4084 951 4137 ne
973 4064 1177 4139 nominum
1201 4062 1254 4137 si·

89 4167 321 4275 initimdine
354 4180 503 4281 decepti
533 4205 615 4257 non
646 4180 773 4257 minus
802 4178 1000 4278 fallacum,
1032 4208 1153 4284 quam
1183 4180 1252 4280 qui

89 4294 390 4409 {RAIphcnum
417 4300 462 4377 V
456 4326 574 4375 amm
579 4352 595 4395 ,
619 4301 896 4377 nobilissimum
919 4300 1252 4391 iurisconsutum
1313 4296 1316 4301 ’

113 4410 248 4493 fuciunt
270 4416 416 4495 Poetae
441 4417 672 4497 Veronensis
694 4416 934 4499 familiarem.
992 4422 1105 4499 Hunc
1126 4418 1251 4495 Ictum
