<?xml version="1.0" encoding="UTF-8"?>
<!DOCTYPE html PUBLIC "-//W3C//DTD XHTML 1.0 Transitional//EN"
    "http://www.w3.org/TR/xhtml1/DTD/xhtml1-transitional.dtd">
<html xmlns="http://www.w3.org/1999/xhtml" xml:lang="en" lang="en">
 <head>
  <title>
</title>
<meta http-equiv="Content-Type" content="text/html;charset=utf-8" />
  <meta name='ocr-system' content='tesseract 3.04.00' />
  <meta name='ocr-capabilities' content='ocr_page ocr_carea ocr_par ocr_line ocrx_word'/>
</head>
<body>
  <div class='ocr_page' id='page_1' title='image "./deluciivariietc00weicgoog_0102.png"; bbox 0 0 2670 5294; ppageno 0'>
   <div class='ocr_carea' id='block_1_1' title="bbox 152 679 939 757">
    <p class='ocr_par' dir='ltr' id='par_1_1' title="bbox 152 679 939 757">
     <span class='ocr_line' id='line_1_1' title="bbox 152 679 939 757; baseline -0.005 0"><span class='ocrx_word' id='word_1_1' title='bbox 152 679 206 757; x_wconf 78' lang='grc'><strong>80</strong></span> <span class='ocrx_word' id='word_1_2' title='bbox 511 690 563 753; x_wconf 76' lang='lat' dir='ltr'><strong>or</strong></span> <span class='ocrx_word' id='word_1_3' title='bbox 587 702 626 753; x_wconf 83' lang='grc' dir='ltr'><strong>ι.</strong></span> <span class='ocrx_word' id='word_1_4' title='bbox 640 701 766 754; x_wconf 78' lang='lat' dir='ltr'><strong>vauro</strong></span> <span class='ocrx_word' id='word_1_5' title='bbox 792 702 939 753; x_wconf 73' lang='lat' dir='ltr'><strong>ronan.</strong></span> 
     </span>
    </p>
   </div>
   <div class='ocr_carea' id='block_1_2' title="bbox 151 859 1333 4896">
    <p class='ocr_par' dir='ltr' id='par_1_2' title="bbox 151 859 1287 1423">
     <span class='ocr_line' id='line_1_2' title="bbox 151 859 1285 967; baseline -0.005 -22"><span class='ocrx_word' id='word_1_6' title='bbox 151 865 345 945; x_wconf 73' lang='lat' dir='ltr'><strong>interfecti</strong></span> <span class='ocrx_word' id='word_1_7' title='bbox 369 866 552 942; x_wconf 86' lang='lat' dir='ltr'><strong>sorinium</strong></span> <span class='ocrx_word' id='word_1_8' title='bbox 582 889 672 941; x_wconf 82' lang='lat' dir='ltr'><strong>omn</strong></span> <span class='ocrx_word' id='word_1_9' title='bbox 703 865 813 951; x_wconf 87' lang='lat' dir='ltr'><strong>libris</strong></span> <span class='ocrx_word' id='word_1_10' title='bbox 837 864 1027 959; x_wconf 76' lang='lat' dir='ltr'><strong>ablatrnn,</strong></span> <span class='ocrx_word' id='word_1_11' title='bbox 1062 871 1103 941; x_wconf 84' lang='lat' dir='ltr'><strong>et</strong></span> <span class='ocrx_word' id='word_1_12' title='bbox 1127 859 1285 967; x_wconf 79' lang='lat' dir='ltr'><strong>ejrndaur</strong></span> 
     </span>
     <span class='ocr_line' id='line_1_3' title="bbox 154 982 1286 1088; baseline -0.006 -24"><span class='ocrx_word' id='word_1_13' title='bbox 154 988 368 1084; x_wconf 78' lang='lat' dir='ltr'>Thyestem</span> <span class='ocrx_word' id='word_1_14' title='bbox 391 985 626 1088; x_wconf 66' lang='lat' dir='ltr'><strong>tragoedum</strong></span> <span class='ocrx_word' id='word_1_15' title='bbox 650 1009 721 1061; x_wconf 89' lang='lat' dir='ltr'><strong>suo</strong></span> <span class='ocrx_word' id='word_1_16' title='bbox 745 985 902 1062; x_wconf 90' lang='lat' dir='ltr'><strong>nomine</strong></span> <span class='ocrx_word' id='word_1_17' title='bbox 928 985 1072 1059; x_wconf 87' lang='lat' dir='ltr'><strong>editam</strong></span> <span class='ocrx_word' id='word_1_18' title='bbox 1096 982 1235 1078; x_wconf 73' lang='lat' dir='ltr'><strong>lirino,</strong></span> <span class='ocrx_word' id='word_1_19' title='bbox 1254 982 1286 1057; x_wconf 92' lang='lat' dir='ltr'><strong>id</strong></span> 
     </span>
     <span class='ocr_line' id='line_1_4' title="bbox 152 1103 1287 1206; baseline -0.008 -21"><span class='ocrx_word' id='word_1_20' title='bbox 152 1131 247 1185; x_wconf 81' lang='lat' dir='ltr'><strong>vero</strong></span> <span class='ocrx_word' id='word_1_21' title='bbox 271 1131 352 1183; x_wconf 91' lang='lat' dir='ltr'><strong>non</strong></span> <span class='ocrx_word' id='word_1_22' title='bbox 376 1114 454 1181; x_wconf 88' lang='lat' dir='ltr'><strong>tam</strong></span> <span class='ocrx_word' id='word_1_23' title='bbox 478 1104 669 1206; x_wconf 77' lang='lat' dir='ltr'><strong>plagium,</strong></span> <span class='ocrx_word' id='word_1_24' title='bbox 712 1128 829 1204; x_wconf 86' lang='lat' dir='ltr'><strong>quam</strong></span> <span class='ocrx_word' id='word_1_25' title='bbox 853 1103 1097 1179; x_wconf 73' lang='lat' dir='ltr'>latrocinium</span> <span class='ocrx_word' id='word_1_26' title='bbox 1122 1103 1287 1177; x_wconf 85' lang='lat' dir='ltr'><strong>dootoet</strong></span> 
     </span>
     <span class='ocr_line' id='line_1_5' title="bbox 152 1221 1287 1328; baseline -0.004 -27"><span class='ocrx_word' id='word_1_27' title='bbox 152 1227 350 1328; x_wconf 85' lang='lat' dir='ltr'><strong>ingenioso</strong></span> <span class='ocrx_word' id='word_1_28' title='bbox 383 1223 534 1326; x_wconf 80' lang='lat' dir='ltr'><strong>Virgilii</strong></span> <span class='ocrx_word' id='word_1_29' title='bbox 564 1223 789 1323; x_wconf 83' lang='lat' dir='ltr'><strong>Horatiique</strong></span> <span class='ocrx_word' id='word_1_30' title='bbox 833 1223 957 1300; x_wconf 88' lang='lat' dir='ltr'><strong>amioo</strong></span> <span class='ocrx_word' id='word_1_31' title='bbox 994 1221 1287 1324; x_wconf 73' lang='lat' dir='ltr'><strong>indignissimam</strong></span> 
     </span>
     <span class='ocr_line' id='line_1_6' title="bbox 154 1347 334 1423; baseline -0.03 0"><span class='ocrx_word' id='word_1_32' title='bbox 154 1347 334 1423; x_wconf 76' lang='lat' dir='ltr'><strong>arbitror.</strong></span> 
     </span>
    </p>

    <p class='ocr_par' dir='ltr' id='par_1_3' title="bbox 153 1456 1333 4896">
     <span class='ocr_line' id='line_1_7' title="bbox 257 1456 1333 1563; baseline 0.001 -27"><span class='ocrx_word' id='word_1_33' title='bbox 257 1461 505 1559; x_wconf 74' lang='lat' dir='ltr'><strong>Quantannvis</strong></span> <span class='ocrx_word' id='word_1_34' title='bbox 528 1460 641 1563; x_wconf 86' lang='lat' dir='ltr'><strong>igitur</strong></span> <span class='ocrx_word' id='word_1_35' title='bbox 663 1462 751 1540; x_wconf 83' lang='lat' dir='ltr'><strong>leve</strong></span> <span class='ocrx_word' id='word_1_36' title='bbox 767 1461 816 1539; x_wconf 84' lang='lat' dir='ltr'><strong>sit</strong></span> <span class='ocrx_word' id='word_1_37' title='bbox 831 1470 944 1563; x_wconf 82' lang='lat' dir='ltr'><strong>alque</strong></span> <span class='ocrx_word' id='word_1_38' title='bbox 963 1462 1178 1556; x_wconf 80' lang='lat' dir='ltr'><strong>inoertrmr‚</strong></span> <span class='ocrx_word' id='word_1_39' title='bbox 1203 1456 1287 1561; x_wconf 69' lang='lat' dir='ltr'><strong>«prol</strong></span> <span class='ocrx_word' id='word_1_40' title='bbox 1330 1530 1333 1537; x_wconf 90' lang='lat'>.</span> 
     </span>
     <span class='ocr_line' id='line_1_8' title="bbox 153 1578 1333 1683; baseline -0.003 -24"><span class='ocrx_word' id='word_1_41' title='bbox 153 1582 387 1659; x_wconf 84' lang='lat' dir='ltr'><strong>Ruhnkenio</strong></span> <span class='ocrx_word' id='word_1_42' title='bbox 412 1582 633 1680; x_wconf 82' lang='lat' dir='ltr'><strong>scrupulum</strong></span> <span class='ocrx_word' id='word_1_43' title='bbox 656 1578 787 1683; x_wconf 82' lang='lat' dir='ltr'><strong>injooit</strong></span> <span class='ocrx_word' id='word_1_44' title='bbox 819 1605 866 1657; x_wconf 86' lang='lat' dir='ltr'><strong>oo</strong></span> <span class='ocrx_word' id='word_1_45' title='bbox 890 1581 1190 1674; x_wconf 74' lang='lat' dir='ltr'><strong>dubitationem,</strong></span> <span class='ocrx_word' id='word_1_46' title='bbox 1222 1602 1286 1679; x_wconf 79' lang='lat' dir='ltr'><strong>qao</strong></span> <span class='ocrx_word' id='word_1_47' title='bbox 1331 1608 1333 1615; x_wconf 93' lang='lat'>·</span> 
     </span>
     <span class='ocr_line' id='line_1_9' title="bbox 153 1698 1333 1800; baseline -0.003 -22"><span class='ocrx_word' id='word_1_48' title='bbox 153 1703 282 1779; x_wconf 91' lang='lat' dir='ltr'><strong>minus</strong></span> <span class='ocrx_word' id='word_1_49' title='bbox 316 1699 486 1775; x_wconf 85' lang='lat' dir='ltr'><strong>Cassium</strong></span> <span class='ocrx_word' id='word_1_50' title='bbox 522 1700 769 1776; x_wconf 82' lang='lat' dir='ltr'><strong>Parmensem</strong></span> <span class='ocrx_word' id='word_1_51' title='bbox 802 1709 956 1800; x_wconf 87' lang='lat' dir='ltr'><strong>poetam</strong></span> <span class='ocrx_word' id='word_1_52' title='bbox 988 1724 1013 1777; x_wconf 90' lang='lat' dir='ltr'><strong>a</strong></span> <span class='ocrx_word' id='word_1_53' title='bbox 1045 1698 1167 1775; x_wconf 84' lang='lat' dir='ltr'><strong>Vario</strong></span> <span class='ocrx_word' id='word_1_54' title='bbox 1189 1703 1288 1799; x_wconf 82' lang='lat' dir='ltr'><strong>poeta</strong></span> <span class='ocrx_word' id='word_1_55' title='bbox 1331 1716 1333 1783; x_wconf 69' lang='lat' dir='ltr'><strong>j</strong></span> 
     </span>
     <span class='ocr_line' id='line_1_10' title="bbox 154 1818 1286 1910; baseline -0.005 -12"><span class='ocrx_word' id='word_1_56' title='bbox 154 1828 331 1898; x_wconf 72' lang='lat' dir='ltr'><strong>neoetrun</strong></span> <span class='ocrx_word' id='word_1_57' title='bbox 364 1842 448 1895; x_wconf 85' lang='lat' dir='ltr'><strong>esse</strong></span> <span class='ocrx_word' id='word_1_58' title='bbox 483 1821 673 1910; x_wconf 84' lang='lat' dir='ltr'><strong>erederet;</strong></span> <span class='ocrx_word' id='word_1_59' title='bbox 712 1826 844 1895; x_wconf 88' lang='lat' dir='ltr'><strong>tamen</strong></span> <span class='ocrx_word' id='word_1_60' title='bbox 876 1819 1004 1893; x_wconf 90' lang='lat' dir='ltr'><strong>eidem</strong></span> <span class='ocrx_word' id='word_1_61' title='bbox 1037 1818 1138 1894; x_wconf 69' lang='lat' dir='ltr'><strong>Varo</strong></span> <span class='ocrx_word' id='word_1_62' title='bbox 1178 1818 1286 1892; x_wconf 82' lang='lat' dir='ltr'><strong>llooto</strong></span> 
     </span>
     <span class='ocr_line' id='line_1_11' title="bbox 153 1936 1288 2053; baseline -0.004 -37"><span class='ocrx_word' id='word_1_63' title='bbox 153 1966 309 2053; x_wconf 84' lang='lat' dir='ltr'><strong>prorsus</strong></span> <span class='ocrx_word' id='word_1_64' title='bbox 350 1939 537 2015; x_wconf 85' lang='lat' dir='ltr'><strong>assentior</strong></span> <span class='ocrx_word' id='word_1_65' title='bbox 570 1939 794 2037; x_wconf 80' lang='lat' dir='ltr'><strong>smpioanti,</strong></span> <span class='ocrx_word' id='word_1_66' title='bbox 838 1944 958 2012; x_wconf 84' lang='lat' dir='ltr'><strong>totam</strong></span> <span class='ocrx_word' id='word_1_67' title='bbox 998 1938 1100 2013; x_wconf 86' lang='lat' dir='ltr'><strong>hano</strong></span> <span class='ocrx_word' id='word_1_68' title='bbox 1134 1936 1288 2013; x_wconf 82' lang='lat' dir='ltr'><strong>fabulam</strong></span> 
     </span>
     <span class='ocr_line' id='line_1_12' title="bbox 155 2048 1294 2159; baseline -0.007 -24"><span class='ocrx_word' id='word_1_69' title='bbox 155 2084 206 2136; x_wconf 89' lang='lat' dir='ltr'><strong>ex</strong></span> <span class='ocrx_word' id='word_1_70' title='bbox 237 2065 422 2159; x_wconf 87' lang='lat' dir='ltr'><strong>perpetua</strong></span> <span class='ocrx_word' id='word_1_71' title='bbox 464 2055 686 2133; x_wconf 81' lang='lat' dir='ltr'><strong>oonfirsione</strong></span> <span class='ocrx_word' id='word_1_72' title='bbox 727 2056 930 2133; x_wconf 89' lang='lat' dir='ltr'><strong>nominum</strong></span> <span class='ocrx_word' id='word_1_73' title='bbox 971 2056 1078 2134; x_wconf 88' lang='lat' dir='ltr'><em>V</em></span> <span class='ocrx_word' id='word_1_74' title='bbox 1010 2083 1090 2131; x_wconf 78' lang='lat' dir='ltr'><strong>oro</strong></span> <span class='ocrx_word' id='word_1_75' title='bbox 1124 2064 1167 2131; x_wconf 91' lang='lat' dir='ltr'><strong>et</strong></span> <span class='ocrx_word' id='word_1_76' title='bbox 1200 2048 1294 2133; x_wconf 82' lang='lat' dir='ltr'><strong>Von</strong></span> 
     </span>
     <span class='ocr_line' id='line_1_13' title="bbox 155 2175 1288 2278; baseline -0.002 -25"><span class='ocrx_word' id='word_1_77' title='bbox 155 2178 324 2253; x_wconf 71' lang='lat' dir='ltr'><strong>fluxisse</strong></span> <span class='ocrx_word' id='word_1_78' title='bbox 383 2176 492 2251; x_wconf 83' lang='lat' dir='ltr'><strong>Hane</strong></span> <span class='ocrx_word' id='word_1_79' title='bbox 526 2176 630 2251; x_wconf 90' lang='lat' dir='ltr'><strong>enim</strong></span> <span class='ocrx_word' id='word_1_80' title='bbox 662 2176 919 2278; x_wconf 76' lang='lat' dir='ltr'><strong>suspicionem</strong></span> <span class='ocrx_word' id='word_1_81' title='bbox 959 2184 1051 2251; x_wconf 76' lang='lat' dir='ltr'><strong>srmt</strong></span> <span class='ocrx_word' id='word_1_82' title='bbox 1088 2175 1166 2251; x_wconf 86' lang='lat' dir='ltr'><strong>alia</strong></span> <span class='ocrx_word' id='word_1_83' title='bbox 1204 2193 1288 2273; x_wconf 70' lang='lat' dir='ltr'><strong>qma</strong></span> 
     </span>
     <span class='ocr_line' id='line_1_14' title="bbox 154 2294 1288 2398; baseline -0.004 -28"><span class='ocrx_word' id='word_1_84' title='bbox 154 2296 304 2398; x_wconf 84' lang='lat' dir='ltr'><strong>egregie</strong></span> <span class='ocrx_word' id='word_1_85' title='bbox 338 2294 582 2390; x_wconf 76' lang='lat' dir='ltr'><strong>confirment,</strong></span> <span class='ocrx_word' id='word_1_86' title='bbox 623 2304 663 2370; x_wconf 88' lang='lat' dir='ltr'><strong>et</strong></span> <span class='ocrx_word' id='word_1_87' title='bbox 705 2319 807 2395; x_wconf 89' lang='lat' dir='ltr'><strong>quoe</strong></span> <span class='ocrx_word' id='word_1_88' title='bbox 846 2317 1081 2396; x_wconf 83' lang='lat' dir='ltr'><strong>magnopere</strong></span> <span class='ocrx_word' id='word_1_89' title='bbox 1122 2294 1242 2369; x_wconf 88' lang='lat' dir='ltr'><strong>miror</strong></span> <span class='ocrx_word' id='word_1_90' title='bbox 1258 2312 1288 2365; x_wconf 79' lang='lat' dir='ltr'><strong>a</strong></span> 
     </span>
     <span class='ocr_line' id='line_1_15' title="bbox 154 2413 1289 2515; baseline -0.003 -25"><span class='ocrx_word' id='word_1_91' title='bbox 154 2413 386 2490; x_wconf 84' lang='lat' dir='ltr'><strong>Ruhnkenio</strong></span> <span class='ocrx_word' id='word_1_92' title='bbox 411 2416 524 2515; x_wconf 83' lang='lat' dir='ltr'><strong>plane</strong></span> <span class='ocrx_word' id='word_1_93' title='bbox 549 2438 634 2490; x_wconf 84' lang='lat' dir='ltr'><strong>esse</strong></span> <span class='ocrx_word' id='word_1_94' title='bbox 658 2415 838 2515; x_wconf 81' lang='lat' dir='ltr'><strong>neglecta.</strong></span> <span class='ocrx_word' id='word_1_95' title='bbox 889 2414 1112 2513; x_wconf 88' lang='lat' dir='ltr'><strong>Repetenda</strong></span> <span class='ocrx_word' id='word_1_96' title='bbox 1144 2436 1191 2489; x_wconf 89' lang='lat' dir='ltr'><strong>ea</strong></span> <span class='ocrx_word' id='word_1_97' title='bbox 1214 2415 1289 2487; x_wconf 79' lang='lat' dir='ltr'><strong>unt</strong></span> 
     </span>
     <span class='ocr_line' id='line_1_16' title="bbox 155 2527 1288 2632; baseline -0.004 -23"><span class='ocrx_word' id='word_1_98' title='bbox 155 2557 209 2609; x_wconf 85' lang='lat' dir='ltr'><strong>ex</strong></span> <span class='ocrx_word' id='word_1_99' title='bbox 233 2533 325 2632; x_wconf 89' lang='lat' dir='ltr'><strong>ipsis</strong></span> <span class='ocrx_word' id='word_1_100' title='bbox 350 2531 648 2609; x_wconf 82' lang='lat' dir='ltr'><strong>Seholiastarum</strong></span> <span class='ocrx_word' id='word_1_101' title='bbox 677 2533 992 2609; x_wconf 81' lang='lat' dir='ltr'><strong>adnotationibus.</strong></span> <span class='ocrx_word' id='word_1_102' title='bbox 1046 2532 1099 2607; x_wconf 87' lang='lat' dir='ltr'><strong>lli</strong></span> <span class='ocrx_word' id='word_1_103' title='bbox 1125 2533 1229 2607; x_wconf 88' lang='lat' dir='ltr'><strong>enim</strong></span> <span class='ocrx_word' id='word_1_104' title='bbox 1247 2527 1288 2603; x_wconf 89' lang='lat' dir='ltr'><strong>ad</strong></span> 
     </span>
     <span class='ocr_line' id='line_1_17' title="bbox 153 2647 1289 2746; baseline -0.003 -19"><span class='ocrx_word' id='word_1_105' title='bbox 153 2678 276 2728; x_wconf 88' lang='lat' dir='ltr'><strong>unum</strong></span> <span class='ocrx_word' id='word_1_106' title='bbox 311 2677 445 2728; x_wconf 89' lang='lat' dir='ltr'><strong>omnes</strong></span> <span class='ocrx_word' id='word_1_107' title='bbox 479 2659 752 2746; x_wconf 74' lang='lat' dir='ltr'><strong>contestantur,</strong></span> <span class='ocrx_word' id='word_1_108' title='bbox 793 2652 909 2726; x_wconf 86' lang='lat' dir='ltr'><strong>istum</strong></span> <span class='ocrx_word' id='word_1_109' title='bbox 934 2650 1052 2726; x_wconf 86' lang='lat' dir='ltr'><strong>Cassii</strong></span> <span class='ocrx_word' id='word_1_110' title='bbox 1084 2647 1289 2725; x_wconf 79' lang='lat' dir='ltr'><strong>Parmensis</strong></span> 
     </span>
     <span class='ocr_line' id='line_1_18' title="bbox 154 2768 1289 2871; baseline -0.003 -24"><span class='ocrx_word' id='word_1_111' title='bbox 154 2771 437 2848; x_wconf 78' lang='lat' dir='ltr'><strong>interfectorem</strong></span> <span class='ocrx_word' id='word_1_112' title='bbox 473 2769 612 2867; x_wconf 67' lang='grc' dir='ltr'><strong>(ὶιιίιιεί</strong></span> <span class='ocrx_word' id='word_1_113' title='bbox 640 2772 889 2870; x_wconf 83' lang='lat' dir='ltr'><strong>praenomine</strong></span> <span class='ocrx_word' id='word_1_114' title='bbox 923 2770 1149 2871; x_wconf 80' lang='lat' dir='ltr'><strong>insignitaun</strong></span> <span class='ocrx_word' id='word_1_115' title='bbox 1171 2768 1289 2844; x_wconf 67' lang='lat' dir='ltr'><strong>filino</strong></span> 
     </span>
     <span class='ocr_line' id='line_1_19' title="bbox 153 2887 1291 2992; baseline -0.007 -25"><span class='ocrx_word' id='word_1_116' title='bbox 153 2890 272 2992; x_wconf 81' lang='lat' dir='ltr'><strong>Atqui</strong></span> <span class='ocrx_word' id='word_1_117' title='bbox 296 2894 384 2983; x_wconf 64' lang='grc' dir='ltr'><strong>Μ.</strong></span> <span class='ocrx_word' id='word_1_118' title='bbox 404 2891 656 2990; x_wconf 79' lang='lat' dir='ltr'><strong>ostendimus,</strong></span> <span class='ocrx_word' id='word_1_119' title='bbox 681 2888 862 2983; x_wconf 85' lang='lat' dir='ltr'><strong>Varium,</strong></span> <span class='ocrx_word' id='word_1_120' title='bbox 887 2889 1170 2964; x_wconf 83' lang='lat' dir='ltr'><strong>nobilissimum</strong></span> <span class='ocrx_word' id='word_1_121' title='bbox 1194 2887 1291 2961; x_wconf 79' lang='lat' dir='ltr'><strong>illrm</strong></span> 
     </span>
     <span class='ocr_line' id='line_1_20' title="bbox 156 2990 1333 3107; baseline -0.002 -20"><span class='ocrx_word' id='word_1_122' title='bbox 156 3011 347 3106; x_wconf 67' lang='lat' dir='ltr'><strong>&#39;l&#39;hJestae</strong></span> <span class='ocrx_word' id='word_1_123' title='bbox 387 3009 632 3105; x_wconf 78' lang='lat' dir='ltr'><strong>scriptorem,</strong></span> <span class='ocrx_word' id='word_1_124' title='bbox 674 3006 794 3083; x_wconf 81' lang='lat' dir='ltr'><strong>Duoii</strong></span> <span class='ocrx_word' id='word_1_125' title='bbox 830 3031 1066 3107; x_wconf 82' lang='lat' dir='ltr'><strong>praenomen</strong></span> <span class='ocrx_word' id='word_1_126' title='bbox 1110 3006 1290 3082; x_wconf 78' lang='lat' dir='ltr'><strong>babrrissa</strong></span> <span class='ocrx_word' id='word_1_127' title='bbox 1331 2990 1333 3085; x_wconf 56' lang='lat' dir='ltr'>f</span> 
     </span>
     <span class='ocr_line' id='line_1_21' title="bbox 154 3124 1291 3227; baseline -0.003 -23"><span class='ocrx_word' id='word_1_128' title='bbox 154 3129 264 3204; x_wconf 87' lang='lat' dir='ltr'><strong>Unde</strong></span> <span class='ocrx_word' id='word_1_129' title='bbox 298 3125 561 3223; x_wconf 79' lang='lat' dir='ltr'><strong>consequitur,</strong></span> <span class='ocrx_word' id='word_1_130' title='bbox 594 3126 723 3219; x_wconf 81' lang='lat' dir='ltr'><strong>illmn,</strong></span> <span class='ocrx_word' id='word_1_131' title='bbox 769 3151 885 3225; x_wconf 88' lang='lat' dir='ltr'><strong>quem</strong></span> <span class='ocrx_word' id='word_1_132' title='bbox 920 3130 1111 3227; x_wconf 74' lang='lat' dir='ltr'><strong>Auguutus</strong></span> <span class='ocrx_word' id='word_1_133' title='bbox 1143 3124 1291 3215; x_wconf 83' lang='lat' dir='ltr'><strong>miserit,</strong></span> 
     </span>
     <span class='ocr_line' id='line_1_22' title="bbox 155 3242 1293 3339; baseline -0.003 -19"><span class='ocrx_word' id='word_1_134' title='bbox 155 3251 201 3320; x_wconf 90' lang='lat' dir='ltr'><strong>ut</strong></span> <span class='ocrx_word' id='word_1_135' title='bbox 225 3242 396 3319; x_wconf 83' lang='lat' dir='ltr'><strong>Cossium</strong></span> <span class='ocrx_word' id='word_1_136' title='bbox 411 3243 660 3318; x_wconf 84' lang='lat' dir='ltr'><strong>Parmensem</strong></span> <span class='ocrx_word' id='word_1_137' title='bbox 675 3244 838 3320; x_wconf 82' lang='lat' dir='ltr'><strong>Athenis</strong></span> <span class='ocrx_word' id='word_1_138' title='bbox 862 3246 1069 3320; x_wconf 78' lang='lat' dir='ltr'><strong>trucidaret</strong></span> <span class='ocrx_word' id='word_1_139' title='bbox 1077 3296 1091 3339; x_wconf 93' lang='lat'>‚</span> <span class='ocrx_word' id='word_1_140' title='bbox 1117 3245 1185 3322; x_wconf 81' lang='lat' dir='ltr'><strong>vel</strong></span> <span class='ocrx_word' id='word_1_141' title='bbox 1205 3244 1293 3319; x_wconf 85' lang='lat' dir='ltr'><strong>bano</strong></span> 
     </span>
     <span class='ocr_line' id='line_1_23' title="bbox 157 3364 1293 3463; baseline -0.001 -23"><span class='ocrx_word' id='word_1_142' title='bbox 157 3365 209 3441; x_wconf 87' lang='lat' dir='ltr'><strong>ob</strong></span> <span class='ocrx_word' id='word_1_143' title='bbox 243 3386 414 3440; x_wconf 86' lang='lat' dir='ltr'><strong>oaussam</strong></span> <span class='ocrx_word' id='word_1_144' title='bbox 444 3389 525 3438; x_wconf 93' lang='lat' dir='ltr'><strong>non</strong></span> <span class='ocrx_word' id='word_1_145' title='bbox 549 3387 662 3462; x_wconf 83' lang='lat' dir='ltr'><strong>posse</strong></span> <span class='ocrx_word' id='word_1_146' title='bbox 696 3365 815 3463; x_wconf 85' lang='lat' dir='ltr'><strong>aooipi</strong></span> <span class='ocrx_word' id='word_1_147' title='bbox 840 3366 890 3440; x_wconf 93' lang='lat' dir='ltr'><strong>de</strong></span> <span class='ocrx_word' id='word_1_148' title='bbox 915 3364 1028 3439; x_wconf 86' lang='lat' dir='ltr'><strong>Vario</strong></span> <span class='ocrx_word' id='word_1_149' title='bbox 1052 3372 1172 3463; x_wconf 83' lang='lat' dir='ltr'><strong>poeta</strong></span> <span class='ocrx_word' id='word_1_150' title='bbox 1196 3364 1293 3463; x_wconf 80' lang='lat' dir='ltr'><strong>epiro</strong></span> 
     </span>
     <span class='ocr_line' id='line_1_24' title="bbox 156 3482 1294 3584; baseline -0.001 -26"><span class='ocrx_word' id='word_1_151' title='bbox 156 3489 198 3559; x_wconf 88' lang='lat' dir='ltr'><strong>at</strong></span> <span class='ocrx_word' id='word_1_152' title='bbox 230 3483 388 3584; x_wconf 84' lang='lat' dir='ltr'><strong>trogioo.</strong></span> <span class='ocrx_word' id='word_1_153' title='bbox 454 3482 583 3582; x_wconf 84' lang='lat' dir='ltr'><strong>Atque</strong></span> <span class='ocrx_word' id='word_1_154' title='bbox 615 3485 656 3557; x_wconf 94' lang='lat' dir='ltr'><strong>id</strong></span> <span class='ocrx_word' id='word_1_155' title='bbox 689 3507 826 3560; x_wconf 81' lang='lat' dir='ltr'><strong>verum</strong></span> <span class='ocrx_word' id='word_1_156' title='bbox 851 3491 973 3578; x_wconf 84' lang='lat' dir='ltr'><strong>esset,</strong></span> <span class='ocrx_word' id='word_1_157' title='bbox 1005 3482 1156 3559; x_wconf 87' lang='lat' dir='ltr'><strong>etiamsi</strong></span> <span class='ocrx_word' id='word_1_158' title='bbox 1181 3482 1294 3559; x_wconf 81' lang='lat' dir='ltr'><strong>Scho-</strong></span> 
     </span>
     <span class='ocr_line' id='line_1_25' title="bbox 155 3601 1294 3702; baseline -0.004 -24"><span class='ocrx_word' id='word_1_159' title='bbox 155 3601 288 3678; x_wconf 83' lang='lat' dir='ltr'><strong>liastae</strong></span> <span class='ocrx_word' id='word_1_160' title='bbox 315 3601 358 3674; x_wconf 92' lang='lat' dir='ltr'><strong>in</strong></span> <span class='ocrx_word' id='word_1_161' title='bbox 382 3601 547 3677; x_wconf 89' lang='lat' dir='ltr'><strong>nominis</strong></span> <span class='ocrx_word' id='word_1_162' title='bbox 571 3603 757 3702; x_wconf 85' lang='lat' dir='ltr'><strong>seriptura</strong></span> <span class='ocrx_word' id='word_1_163' title='bbox 783 3602 1056 3701; x_wconf 81' lang='lat' dir='ltr'><strong>eonsentirent,</strong></span> <span class='ocrx_word' id='word_1_164' title='bbox 1091 3622 1294 3702; x_wconf 81' lang='lat' dir='ltr'><strong>omnesque</strong></span> 
     </span>
     <span class='ocr_line' id='line_1_26' title="bbox 156 3719 1296 3820; baseline -0.001 -24"><span class='ocrx_word' id='word_1_165' title='bbox 156 3720 273 3796; x_wconf 84' lang='lat' dir='ltr'><strong>istum</strong></span> <span class='ocrx_word' id='word_1_166' title='bbox 288 3719 407 3795; x_wconf 77' lang='lat' dir='ltr'><strong>cassii</strong></span> <span class='ocrx_word' id='word_1_167' title='bbox 430 3744 696 3820; x_wconf 79' lang='lat' dir='ltr'><strong>percussorem</strong></span> <span class='ocrx_word' id='word_1_168' title='bbox 723 3722 768 3799; x_wconf 86' lang='lat' dir='ltr'><em>V</em></span> <span class='ocrx_word' id='word_1_169' title='bbox 761 3720 896 3796; x_wconf 80' lang='lat' dir='ltr'><strong>orium</strong></span> <span class='ocrx_word' id='word_1_170' title='bbox 918 3721 1167 3820; x_wconf 85' lang='lat' dir='ltr'><strong>appellarent.</strong></span> <span class='ocrx_word' id='word_1_171' title='bbox 1210 3720 1296 3797; x_wconf 82' lang='lat' dir='ltr'><strong>Nam</strong></span> 
     </span>
     <span class='ocr_line' id='line_1_27' title="bbox 158 3838 1296 3938; baseline 0 -22"><span class='ocrx_word' id='word_1_172' title='bbox 158 3864 212 3916; x_wconf 89' lang='lat' dir='ltr'><strong>ex</strong></span> <span class='ocrx_word' id='word_1_173' title='bbox 245 3838 386 3932; x_wconf 84' lang='lat' dir='ltr'><strong>Variis,</strong></span> <span class='ocrx_word' id='word_1_174' title='bbox 428 3839 495 3938; x_wconf 85' lang='lat' dir='ltr'><strong>qui</strong></span> <span class='ocrx_word' id='word_1_175' title='bbox 529 3840 686 3938; x_wconf 85' lang='lat' dir='ltr'><strong>quidem</strong></span> <span class='ocrx_word' id='word_1_176' title='bbox 712 3863 737 3933; x_wconf 85' lang='lat' dir='ltr'><strong>a</strong></span> <span class='ocrx_word' id='word_1_177' title='bbox 759 3864 892 3915; x_wconf 88' lang='lat' dir='ltr'><strong>rerum</strong></span> <span class='ocrx_word' id='word_1_178' title='bbox 916 3842 1177 3916; x_wconf 88' lang='lat' dir='ltr'><strong>Romanarum</strong></span> <span class='ocrx_word' id='word_1_179' title='bbox 1212 3838 1296 3917; x_wconf 86' lang='lat' dir='ltr'><strong>sori·</strong></span> 
     </span>
     <span class='ocr_line' id='line_1_28' title="bbox 156 3952 1300 4063; baseline -0.002 -27"><span class='ocrx_word' id='word_1_180' title='bbox 156 3959 330 4063; x_wconf 84' lang='lat' dir='ltr'><strong>ptoribus</strong></span> <span class='ocrx_word' id='word_1_181' title='bbox 372 3966 735 4053; x_wconf 85' lang='lat' dir='ltr'><strong>oommemorantur‚</strong></span> <span class='ocrx_word' id='word_1_182' title='bbox 785 3960 933 4036; x_wconf 88' lang='lat' dir='ltr'><strong>duobus</strong></span> <span class='ocrx_word' id='word_1_183' title='bbox 972 3967 1123 4035; x_wconf 86' lang='lat' dir='ltr'><strong>tantum</strong></span> <span class='ocrx_word' id='word_1_184' title='bbox 1171 3952 1300 4057; x_wconf 59' lang='lat' dir='ltr'><strong>Quanti</strong></span> 
     </span>
     <span class='ocr_line' id='line_1_29' title="bbox 157 4074 1298 4179; baseline -0.003 -24"><span class='ocrx_word' id='word_1_185' title='bbox 157 4101 393 4179; x_wconf 90' lang='lat' dir='ltr'><strong>praenomen</strong></span> <span class='ocrx_word' id='word_1_186' title='bbox 415 4074 507 4171; x_wconf 88' lang='lat' dir='ltr'><strong>fuit,</strong></span> <span class='ocrx_word' id='word_1_187' title='bbox 539 4085 585 4151; x_wconf 89' lang='lat' dir='ltr'><strong>ut</strong></span> <span class='ocrx_word' id='word_1_188' title='bbox 612 4079 809 4153; x_wconf 80' lang='lat' dir='ltr'><strong>docuimus</strong></span> <span class='ocrx_word' id='word_1_189' title='bbox 834 4089 866 4171; x_wconf 70' lang='lat'><strong>§-</strong></span> <span class='ocrx_word' id='word_1_190' title='bbox 890 4080 950 4172; x_wconf 81' lang='lat'><strong>3.;</strong></span> <span class='ocrx_word' id='word_1_191' title='bbox 985 4080 1054 4154; x_wconf 86' lang='lat' dir='ltr'><strong>sed</strong></span> <span class='ocrx_word' id='word_1_192' title='bbox 1079 4078 1298 4153; x_wconf 85' lang='lat' dir='ltr'><strong>alterutrum</strong></span> 
     </span>
     <span class='ocr_line' id='line_1_30' title="bbox 159 4194 1299 4297; baseline -0.002 -24"><span class='ocrx_word' id='word_1_193' title='bbox 159 4223 238 4297; x_wconf 84' lang='lat' dir='ltr'><strong>quo</strong></span> <span class='ocrx_word' id='word_1_194' title='bbox 262 4198 388 4273; x_wconf 88' lang='lat' dir='ltr'><strong>minus</strong></span> <span class='ocrx_word' id='word_1_195' title='bbox 402 4196 477 4272; x_wconf 87' lang='lat' dir='ltr'><strong>hue</strong></span> <span class='ocrx_word' id='word_1_196' title='bbox 491 4194 717 4293; x_wconf 87' lang='lat' dir='ltr'><strong>referamus,</strong></span> <span class='ocrx_word' id='word_1_197' title='bbox 743 4204 924 4292; x_wconf 87' lang='lat' dir='ltr'><strong>aetatem,</strong></span> <span class='ocrx_word' id='word_1_198' title='bbox 949 4220 1027 4297; x_wconf 86' lang='lat' dir='ltr'><strong>qua</strong></span> <span class='ocrx_word' id='word_1_199' title='bbox 1041 4195 1101 4271; x_wconf 91' lang='lat' dir='ltr'><strong>illi</strong></span> <span class='ocrx_word' id='word_1_200' title='bbox 1120 4194 1299 4288; x_wconf 85' lang='lat' dir='ltr'><strong>vixerint,</strong></span> 
     </span>
     <span class='ocr_line' id='line_1_31' title="bbox 159 4314 1301 4414; baseline -0.002 -24"><span class='ocrx_word' id='word_1_201' title='bbox 159 4315 313 4390; x_wconf 84' lang='lat' dir='ltr'><strong>obstare</strong></span> <span class='ocrx_word' id='word_1_202' title='bbox 336 4316 470 4414; x_wconf 83' lang='lat' dir='ltr'><strong>liquet.</strong></span> <span class='ocrx_word' id='word_1_203' title='bbox 519 4314 793 4411; x_wconf 85' lang='lat' dir='ltr'><strong>Ruhnkenius,</strong></span> <span class='ocrx_word' id='word_1_204' title='bbox 827 4315 899 4392; x_wconf 88' lang='lat' dir='ltr'><strong>hae</strong></span> <span class='ocrx_word' id='word_1_205' title='bbox 931 4341 977 4392; x_wconf 91' lang='lat' dir='ltr'><strong>re</strong></span> <span class='ocrx_word' id='word_1_206' title='bbox 998 4318 1081 4391; x_wconf 90' lang='lat' dir='ltr'><strong>non</strong></span> <span class='ocrx_word' id='word_1_207' title='bbox 1104 4316 1200 4390; x_wconf 84' lang='lat' dir='ltr'><strong>satis</strong></span> <span class='ocrx_word' id='word_1_208' title='bbox 1223 4314 1301 4388; x_wconf 89' lang='lat' dir='ltr'><strong>ani·</strong></span> 
     </span>
     <span class='ocr_line' id='line_1_32' title="bbox 158 4433 1303 4537; baseline 0.001 -29"><span class='ocrx_word' id='word_1_209' title='bbox 158 4455 268 4508; x_wconf 92' lang='lat' dir='ltr'><strong>mum</strong></span> <span class='ocrx_word' id='word_1_210' title='bbox 308 4435 487 4530; x_wconf 81' lang='lat' dir='ltr'><strong>adversa,</strong></span> <span class='ocrx_word' id='word_1_211' title='bbox 536 4441 646 4537; x_wconf 84' lang='lat' dir='ltr'><strong>urget</strong></span> <span class='ocrx_word' id='word_1_212' title='bbox 685 4442 835 4511; x_wconf 85' lang='lat' dir='ltr'><strong>tantum</strong></span> <span class='ocrx_word' id='word_1_213' title='bbox 875 4435 1061 4512; x_wconf 86' lang='lat' dir='ltr'><strong>ineertam</strong></span> <span class='ocrx_word' id='word_1_214' title='bbox 1100 4433 1303 4509; x_wconf 79' lang='lat' dir='ltr'><strong>nominann</strong></span> 
     </span>
     <span class='ocr_line' id='line_1_33' title="bbox 161 4549 1304 4655; baseline 0 -26"><span class='ocrx_word' id='word_1_215' title='bbox 161 4549 268 4629; x_wconf 80' lang='lat' dir='ltr'><strong>Vari</strong></span> <span class='ocrx_word' id='word_1_216' title='bbox 289 4558 331 4626; x_wconf 91' lang='lat' dir='ltr'><strong>et</strong></span> <span class='ocrx_word' id='word_1_217' title='bbox 358 4551 477 4628; x_wconf 81' lang='lat' dir='ltr'><strong>Varii</strong></span> <span class='ocrx_word' id='word_1_218' title='bbox 497 4555 745 4653; x_wconf 78' lang='lat' dir='ltr'><strong>soriponam,</strong></span> <span class='ocrx_word' id='word_1_219' title='bbox 770 4562 810 4628; x_wconf 88' lang='lat' dir='ltr'><strong>et</strong></span> <span class='ocrx_word' id='word_1_220' title='bbox 833 4553 1043 4653; x_wconf 81' lang='lat' dir='ltr'><strong>posteriore</strong></span> <span class='ocrx_word' id='word_1_221' title='bbox 1066 4552 1142 4629; x_wconf 89' lang='lat' dir='ltr'><strong>hao</strong></span> <span class='ocrx_word' id='word_1_222' title='bbox 1166 4551 1304 4655; x_wconf 66' lang='lat' dir='ltr'><strong>marito</strong></span> 
     </span>
     <span class='ocr_line' id='line_1_34' title="bbox 159 4665 1306 4775; baseline 0.002 -28"><span class='ocrx_word' id='word_1_223' title='bbox 159 4668 265 4770; x_wconf 87' lang='lat' dir='ltr'><strong>apud</strong></span> <span class='ocrx_word' id='word_1_224' title='bbox 297 4665 527 4748; x_wconf 81' lang='lat' dir='ltr'><strong>Scholiastas</strong></span> <span class='ocrx_word' id='word_1_225' title='bbox 557 4668 718 4773; x_wconf 80' lang='lat' dir='ltr'><strong>rejecta,</strong></span> <span class='ocrx_word' id='word_1_226' title='bbox 759 4672 935 4775; x_wconf 77' lang='lat' dir='ltr'><strong>intelligit</strong></span> <span class='ocrx_word' id='word_1_227' title='bbox 972 4674 1016 4752; x_wconf 84' lang='lat' dir='ltr'><em>V</em></span> <span class='ocrx_word' id='word_1_228' title='bbox 1009 4698 1148 4767; x_wconf 73' lang='lat' dir='ltr'><strong>amm,</strong></span> <span class='ocrx_word' id='word_1_229' title='bbox 1190 4673 1306 4749; x_wconf 86' lang='lat' dir='ltr'><strong>istum</strong></span> 
     </span>
     <span class='ocr_line' id='line_1_35' title="bbox 160 4787 1309 4896; baseline 0.001 -28"><span class='ocrx_word' id='word_1_230' title='bbox 160 4787 358 4892; x_wconf 86' lang='lat' dir='ltr'><strong>oopiarum</strong></span> <span class='ocrx_word' id='word_1_231' title='bbox 372 4789 524 4887; x_wconf 78' lang='lat' dir='ltr'><strong>durem,</strong></span> <span class='ocrx_word' id='word_1_232' title='bbox 548 4790 612 4867; x_wconf 83' lang='lat' dir='ltr'><strong>eui</strong></span> <span class='ocrx_word' id='word_1_233' title='bbox 629 4790 805 4896; x_wconf 74' lang='lat' dir='ltr'><strong>Virgilian</strong></span> <span class='ocrx_word' id='word_1_234' title='bbox 820 4790 1078 4895; x_wconf 83' lang='lat' dir='ltr'><strong>EologamVI.</strong></span> <span class='ocrx_word' id='word_1_235' title='bbox 1099 4790 1309 4895; x_wconf 76' lang='lat' dir='ltr'><strong>inseripait.</strong></span> 
     </span>
    </p>
   </div>
   <div class='ocr_carea' id='block_1_3' title="bbox 0 0 1354 5284">
    <p class='ocr_par' dir='ltr' id='par_1_4' title="bbox 0 0 1354 5284">
     <span class='ocr_line' id='line_1_36' title="bbox 0 0 1354 5284; baseline 0 0"><span class='ocrx_word' id='word_1_236' title='bbox 0 0 1354 5284; x_wconf 95' lang='lat' dir='ltr'><strong> </strong></span> 
     </span>
    </p>
   </div>
   <div class='ocr_carea' id='block_1_4' title="bbox 1331 791 1337 1467">
    <p class='ocr_par' dir='ltr' id='par_1_5' title="bbox 1331 791 1337 1467">
     <span class='ocr_line' id='line_1_37' title="bbox 1331 791 1337 1467; baseline 0 0"><span class='ocrx_word' id='word_1_237' title='bbox 1331 791 1337 1467; x_wconf 95' lang='lat' dir='ltr'><strong> </strong></span> 
     </span>
    </p>
   </div>
   <div class='ocr_carea' id='block_1_5' title="bbox 1330 1786 1338 3053">
    <p class='ocr_par' dir='ltr' id='par_1_6' title="bbox 1330 1786 1338 3053">
     <span class='ocr_line' id='line_1_38' title="bbox 1330 1786 1338 3053; baseline 0 0"><span class='ocrx_word' id='word_1_238' title='bbox 1330 1786 1338 3053; x_wconf 95' lang='lat' dir='ltr'><strong> </strong></span> 
     </span>
    </p>
   </div>
  </div>
 </body>
</html>
