2670 5294
96 666 172 745 150
447 689 499 740 nn
526 689 562 742 r..
581 686 711 743 varro
734 687 879 741 roera·

94 851 237 929 tentiae
268 856 536 954 argumentum
567 850 858 951 deprehendere
896 848 996 926 mibi
1032 846 1171 925 videor
1198 847 1234 921 in

94 972 163 1047 illc
187 972 271 1071 ipso
297 970 383 1047 loco
407 971 556 1047 Horatii
572 968 689 1044 ¹Libr.
706 968 759 1045 Π.
785 968 861 1047 Od.
882 970 918 1045 1.
943 995 983 1048 r·
997 970 1038 1045 c.
1064 955 1234 1042 'Fadan-

97 1100 163 1165 tur
197 1089 322 1188 enim,
365 1091 399 1166 si
432 1090 527 1188 quid
563 1089 700 1183 video,
733 1088 991 1189 Interprcter‚
1024 1086 1095 1186 qui
1117 1086 1235 1160 ibide

96 1207 263 1285 theatris
286 1208 443 1308 proprie
467 1208 521 1284 sio
547 1206 660 1282 dictis
685 1208 871 1310 cogitanta
904 1232 997 1282 nam
1020 1205 1063 1280 b.
1080 1206 1108 1279 1.
1132 1206 1234 1280 lbra·

96 1340 164 1403 tra
188 1328 326 1403 eodem
350 1324 563 1427 significatu
584 1325 680 1401 mibi
704 1326 886 1403 videntur
909 1333 1124 1402 memorata
1149 1348 1234 1419 ease,

95 1471 175 1545 quo
200 1445 308 1519 Libr.
325 1445 357 1520 Ι.
383 1442 504 1545 Epist.
526 1446 586 1520 19.
610 1470 649 1520 u.
666 1446 731 1520 41.
752 1470 813 1543 sq.

602 1561 746 1663 Spissis
768 1561 937 1661 tiada'gna
958 1560 1130 1638 theatris

147 1681 306 1782 Scripta
328 1683 452 1782 podet
476 1679 642 1756 recitare
666 1694 705 1757 et
727 1681 848 1779 ougr‘s
871 1683 1019 1757 addere
1037 1681 1217 1782 pondua:

99 1801 167 1876 ubi
200 1798 340 1901 apiaria
375 1799 541 1875 theatris
573 1800 776 1901 significari
801 1801 1005 1896 eruditoria,
1040 1800 1085 1874 in
1109 1799 1239 1898 quibus

101 1920 245 2020 scripta
273 1919 418 2021 ingenii
442 1943 560 2019 opera
584 1944 715 1995 coram
738 1920 871 1995 multis
895 1919 1128 2014 recitentm,
1162 1942 1241 1994 eum

99 2039 166 2113 alii
199 2039 479 2115 admonuerunt
512 2039 769 2138 Interpretes,
812 2046 895 2114 tum
918 2038 1094 2139 inprimis
1139 2039 1241 2112 docte

101 2156 269 2233 ostendit
301 2157 452 2234 Theod.
489 2155 708 2234 Schmidius
732 2184 771 2257 p.
789 2158 878 2233 414.
897 2183 957 2257 sq.
1017 2156 1096 2232 Per
1134 2164 1243 2249 totam

102 2282 232 2349 autem
267 2272 368 2351 hanc
409 2273 556 2371 Odam,
596 2298 716 2375 quam
756 2298 809 2351 ex
842 2275 1077 2375 politissimis
1110 2274 1244 2350 Poetae

102 2392 285 2469 Venusini
309 2393 541 2469 carminibus
566 2417 653 2469 esse
669 2394 832 2493 quilibet
856 2396 1049 2497 brtelligit,
1079 2392 1244 2469 abnuis

102 2512 290 2613 quaedam
333 2519 373 2588 et
405 2514 656 2614 grandiloqua
694 2512 839 2588 incedit
870 2514 998 2611 dictio,
1069 2513 1247 2587 Videlicet

102 2658 182 2732 quo
215 2628 354 2732 majori
388 2632 429 2705 in
464 2631 748 2731 exspectatione
778 2632 926 2706 Horatii
959 2640 1044 2706 erat
1076 2631 1173 2705 illud
1205 2632 1247 2704 de

103 2751 218 2827 bellis
245 2751 418 2827 civilibus
443 2776 539 2850 opus
564 2750 698 2826 avire
723 2750 889 2851 ingenuo
914 2758 954 2824 et
979 2751 1171 2825 libertatis
1187 2774 1248 2825 re·

103 2871 305 2970 ritatisque
338 2870 510 2945 studioso
535 2869 738 2969 scriptum,
774 2867 849 2944 boc
876 2870 1084 2968 impensius
1110 2868 1248 2970 efflagi-

104 2996 208 3063 tatur
240 2995 281 3062 et
314 3012 361 3064 eo
386 2988 647 3063 blandioribus
671 2988 800 3063 verbis
824 2987 945 3064 Pollio
969 2988 1173 3082 incitatam,
1199 3000 1249 3078 ut,

105 3106 249 3183 omisso
273 3106 465 3205 paulisper
489 3106 582 3181 artis
607 3106 770 3207 tragicae
786 3106 914 3182 etrrdio
921 3158 936 3197 ,
960 3106 1003 3181 in
1019 3107 1118 3183 illud
1135 3131 1248 3181 unam

105 3224 303 3301 incumbat
328 3232 368 3298 et
393 3226 703 3324 quamprimum
737 3226 786 3299 ad
811 3226 1035 3300 undrilicam
1060 3228 1247 3325 perducet

209 3343 315 3420 llaec
356 3343 390 3418 si
432 3351 539 3419 recte
571 3343 743 3442 nihilque
775 3340 1022 3447 praejudicati
1056 3343 1248 3421 afferentes

108 3462 405 3561 disputavimus,
441 3463 599 3561 planum
630 3462 721 3557 erit,
754 3488 832 3562 quo
865 3460 950 3563 jure
976 3448 1245 3566 negaverimus,

105 3581 288 3657 Pollionis
322 3581 533 3682 tragoedias
568 3604 751 3679 umqrram
781 3582 824 3656 in
855 3566 970 3658 scena
1004 3607 1090 3658 esse
1125 3584 1245 3657 editas

107 3700 237 3799 rape
270 3699 361 3776 buio
394 3700 603 3775 sententiae
634 3706 786 3775 nostrae
828 3725 907 3775 non
939 3700 1039 3775 nibil
1071 3697 1246 3777 momenti

108 3816 257 3920 adjicit,
292 3819 397 3918 quod
429 3818 573 3892 nullius
605 3818 825 3918 tragoediae
848 3842 872 3893 a
896 3819 1071 3894 Pollione
1095 3821 1246 3919 scriptae

109 3946 149 4014 et
179 3936 326 4013 Romae
360 3936 431 4010 sub
463 3936 635 4036 Augusto
661 3934 822 4037 ejrrsrpre
846 3938 1132 4013 urceoesoribus
1157 3944 1248 4013 actae

109 4057 297 4134 memoria
339 4055 440 4154 apud
478 4054 605 4128 ullum
638 4055 862 4154 scriptorem
894 4055 1115 4150 invenitur,
1158 4050 1249 4155 qnod

107 4173 369 4276 erintilianus
400 4172 510 4247 illum
544 4181 703 4274 propter
736 4174 947 4275 tragoedias
987 4197 1039 4249 ne
1072 4174 1251 4249 memorat

110 4292 294 4389 quidem,
326 4292 471 4368 nedum
493 4292 645 4386 laudat,
671 4299 789 4390 atque
813 4294 921 4392 (prod
944 4292 1089 4367 Auctor
1115 4292 1251 4390 Dialog.

110 4408 161 4483 de
193 4406 320 4485 Oratt.
352 4436 389 4487 c.
418 4413 483 4486 21.
516 4435 598 4485 nen
629 4411 683 4486 ita
716 4408 925 4486 honorifice
950 4411 1000 4485 de
1024 4410 1080 4485 eis
1106 4407 1253 4511 judet-

112 4524 262 4621 Quibus
285 4527 336 4604 de
360 4528 503 4605 caussis
519 4527 791 4605 discessionem
814 4528 912 4603 mihi
934 4527 1156 4603 fadundam
1180 4546 1255 4602 esse

110 4643 334 4727 exhumari
365 4670 456 4721 oum
487 4669 511 4721 a
546 4646 751 4744 Grysario,
788 4648 919 4746 quiin
944 4647 1095 4748 egregia
1120 4646 1258 4745 Dispu-

110 4762 258 4855 tationc
282 4762 334 4843 dc
349 4762 520 4841 Theatra
535 4764 647 4843 Rom.
672 4765 716 4842 in
734 4763 905 4865 Aegea.
922 4766 1076 4841 &cala
1098 4764 1258 4842 &1832
