2670 5294
399 288 446 336 ns:
476 287 608 336 cassio
639 287 859 337 rnnrressr.
1137 265 1209 339 185

56 434 194 527 minue
209 451 249 526 in
267 449 522 550 suspicionem
537 458 650 529 vocat
659 452 800 551 duplici
812 458 940 528 motus
949 452 1109 547 ratione,
1128 458 1210 528 tum

57 578 221 672 propter
252 570 380 670 operis
414 570 589 667 titulum,
629 582 714 645 tum
753 572 803 647 cb
839 572 1067 667 dictionem,
1110 596 1210 671 quaa

58 690 254 767 recentius
279 714 418 767 aevum
442 692 615 766 redoleat
641 716 757 790 quam
783 717 860 791 quo
876 692 1019 769 vixerit
1039 692 1113 767 iste
1128 692 1211 766 An-

58 810 207 883 nalirnn
232 809 408 907 scriptor.
461 809 600 885 Contra
628 810 726 888 banc
751 808 892 913 Maffeji
918 812 1211 911 disputationem

58 936 195 1005 monet
228 928 461 1023 Kordesius,
497 930 572 1003 sibi
603 932 756 1033 gravius
791 930 913 1006 rideri
946 940 1211 1032 argumentum

60 1050 110 1125 ab
137 1046 311 1123 oratione
335 1048 515 1147 petitum,
542 1074 659 1148 (prom
673 1050 768 1124 illud
785 1052 833 1125 de
849 1051 938 1125 libri
952 1050 1211 1148 inscriptione,

61 1169 227 1266 ideoque
267 1168 351 1266 ipse
397 1168 614 1261 addubitat,
664 1194 761 1242 mun
810 1170 911 1243 istud
954 1168 1212 1270 fragmentum

60 1284 149 1389 jure
180 1286 400 1361 attributum
430 1270 557 1361 fuerit
575 1286 704 1363 Cassio
730 1286 969 1384 lleminae⁶).
1021 1288 1211 1386 Equidem

61 1430 175 1482 seem
199 1410 336 1480 statuo.
388 1404 484 1480 Nam
509 1409 551 1481 in
576 1432 624 1483 eo
647 1406 817 1483 nativam
840 1407 947 1481 illam
969 1405 1212 1506 deprehendo

62 1524 248 1601 orationis
282 1524 587 1625 narrationisque
621 1525 921 1625 simplicitatem,
957 1550 1073 1625 quam
1101 1523 1213 1600 novi·

62 1668 150 1721 mus
165 1644 372 1719 Armalimn
398 1644 642 1745 scriptoribus
667 1645 863 1745 propriam
878 1643 1008 1719 fuisse.
1059 1640 1115 1717 Ea
1143 1664 1215 1740 pa-

61 1766 157 1839 riter
181 1769 328 1837 remota
351 1771 411 1839 est
435 1788 458 1838 a
482 1764 722 1859 maturitate,
749 1789 847 1864 quae
872 1764 972 1839 circa
987 1762 1214 1867 Ciceronem
1241 1748 1250 1759 ’

62 1880 251 1975 efflorrrit,
292 1890 408 1983 atque
441 1884 490 1958 ab
527 1884 720 1982 exquisito
762 1893 802 1959 et
842 1882 994 1983 poetico
1032 1879 1216 1956 orationis

62 2008 222 2104 srgrrtue
256 2000 382 2096 ctdur,
426 2026 543 2101 quem
576 2002 761 2077 adscitum
786 2026 871 2078 esse
897 2002 1085 2077 scimusa
1119 1998 1216 2075 scri-

63 2121 239 2223 ptoribus
263 2122 404 2196 scendi
427 2124 541 2217 noni,
576 2146 654 2221 quc
687 2121 860 2197 Cassirnn
891 2120 1118 2196 historicum
1143 2118 1215 2192 ilo·

62 2240 186 2315 ruisse
217 2246 329 2338 putat
360 2238 547 2345 biallcjus.
607 2240 647 2314 Is
673 2241 776 2316 enim
804 2263 857 2314 ex
883 2238 1060 2315 Stretcnii
1084 2234 1214 2314 Vitell.

63 2384 98 2436 c.
117 2362 181 2450 2.,
214 2358 283 2433 ubi
308 2358 459 2435 (lessius
485 2357 652 2436 Sevcms
677 2359 834 2457 <pridem
860 2358 909 2432 da
934 2364 1048 2458 gente
1065 2353 1217 2430 Vitellia

63 2478 187 2579 egisse
221 2479 404 2574 traditur,
440 2479 601 2580 colligit,
635 2477 837 2579 significari
869 2476 933 2551 bic
968 2476 1017 2550 T.
1044 2472 1217 2548 Gessium

63 2596 256 2675 Saverrrm
280 2598 524 2691 historicum,
562 2620 678 2696 (prem
703 2618 756 2671 ex
781 2594 1012 2695 antiquitatis
1046 2588 1217 2666 tenebris

64 2738 205 2793 eruere
238 2716 465 2812 connititur,
510 2738 676 2815 eumque
717 2721 806 2815 post
839 2713 1116 2815 Imperatorem
1150 2706 1218 2783 Vi-

63 2836 234 2928 tellium,
259 2836 287 2910 i.
309 2860 346 2911 e.
372 2842 462 2935 post
486 2858 628 2911 annrrm
653 2834 699 2907 U.
724 2832 768 2908 C.
794 2835 883 2908 823.
909 2831 1054 2909 vixisse
1078 2824 1216 2915 existi-

63 2964 159 3031 mat.
210 2954 295 3049 Qua
327 2955 369 3029 in
401 2978 447 3029 re
470 2950 643 3057 Maffejus
675 2952 805 3053 magni
830 2952 971 3027 erroris
995 2945 1215 3023 manifestis

63 3080 238 3169 tenetur,
280 3098 355 3150 nec
387 3074 476 3149 sotis
511 3078 654 3148 attento
690 3071 821 3146 animo
854 3070 1007 3147 videtur
1042 3062 1216 3143 Suetonii

64 3191 197 3269 locum
229 3193 459 3296 inspexisse.
516 3190 565 3265 In
597 3190 773 3265 fraudem
804 3189 938 3288 proctd
964 3186 1083 3261 dubio
1107 3184 1219 3258 indu·

64 3318 153 3387 ctus
176 3320 237 3387 est
261 3336 285 3388 a
304 3310 559 3412 Glandcrpio,
586 3309 653 3409 qui
670 3318 710 3385 et
727 3308 811 3408 ipse
827 3306 999 3382 Cassium
1015 3303 1216 3394 Severum,

63 3428 313 3539 Imperatoris
337 3428 565 3529 Vespasiani
590 3428 808 3527 aequalem,
842 3422 989 3524 profert
1013 3442 1218 3523 perperam

65 3550 263 3627 intellecto
286 3550 375 3625 loco
390 3548 505 3625 Plinii
528 3547 574 3624 N.
596 3546 645 3621 ll.
665 3545 773 3620 Libr.
783 3542 943 3619 XXXV.
969 3568 1003 3617 c.
1024 3544 1085 3615 12.
1102 3565 1134 3613 s.
1152 3538 1216 3613 46.

65 3668 165 3745 llam
197 3668 428 3764 Suetonius,
468 3675 512 3743 ut
546 3664 628 3770 jam
661 3664 860 3741 admonuit
887 3660 1120 3755 Kordesius,
1165 3657 1214 3732 de

71 3866 276 3877 m-

155 3979 193 4053 6)
216 3973 268 4039 Sic
288 3987 386 4038 contr·
406 3997 440 4037 ac
459 3972 624 4037 Kordcsiur
654 3973 691 4035 ad
720 3968 893 4034 Eberhardti
913 3972 937 4031 l.
953 3992 980 4031 c.
1002 3971 1030 4048 §.
1048 3971 1102 4033 34.
1124 3964 1163 4031 Ν.
1180 3991 1217 4031 x.

66 4084 99 4141 ρ.
122 4070 198 4125 206.
216 4084 261 4139 sq.
289 4062 384 4138 iudico
414 4062 451 4124 de
479 4066 522 4123 eis
552 4082 627 4139 quae
651 4060 792 4123 Aurelius
817 4056 922 4118 Victor
946 4057 983 4117 da
1007 4054 1093 4132 Orig.
1126 4058 1221 4132 gentis

67 4146 194 4209 Romu.
221 4168 249 4209 c.
272 4156 303 4210 c.
332 4170 371 4209 ex
391 4144 488 4209 Cassii
508 4144 601 4208 Libro
615 4144 641 4206 1.
664 4145 815 4221 desumpta
837 4163 903 4205 essa
924 4142 1020 4203 tradit.
1063 4138 1142 4202 Mihi
1162 4160 1220 4201 non

68 4233 192 4295 dublum
218 4244 265 4294 ert
293 4236 364 4309 quin
395 4230 513 4293 Cercius
540 4231 666 4293 Hemina
691 4230 898 4307 intelligendus
929 4230 987 4305 sit,
1022 4229 1103 4304 cujus
1133 4227 1220 4286 rerba

67 4318 259 4397 suspiceret
279 4316 406 4380 Aurelio
426 4316 547 4379 Victore
568 4318 718 4395 paululum
743 4324 853 4377 mutata
873 4325 903 4377 et
923 4313 1047 4375 detersis
1067 4311 1220 4386 untiquita-

68 4408 109 4467 tis
129 4400 712 4480 „animumanimumum
732 4420 809 4466 erra.
