2670 5294
497 314 704 369 excursus
733 320 760 366 ι.
1128 293 1203 365 307

77 487 94 553 t
129 479 179 553 ad
214 484 364 575 patrem
396 500 508 550 sutnn
539 477 693 552 rettulits
736 502 814 575 quo
848 478 1004 553 nonriue
1029 477 1203 553 laudetur

113 596 301 671 Cicerone
333 597 382 669 dc
413 594 499 668 Fin.
535 596 643 671 Libo.
671 595 723 670 Π.
756 620 790 670 c.
810 597 871 671 19.
896 607 928 685 ς.
953 597 1017 671 62.
1044 598 1137 695 ibiq.
1164 624 1202 673 v.

77 718 247 789 lcarenz.
308 714 443 810 laquo
469 714 533 788 Ιιίο
559 738 714 812 φιοῳιθ
741 714 958 812 Torquatus
983 716 1204 790 existimau-

77 858 126 909 us
151 842 209 908 cst
231 832 432 907 Horatium
457 832 558 908 vitae
583 834 693 906 armis
716 833 768 908 ita
795 834 1058 927 antecessisse,
1085 842 1128 908 ut
1155 838 1204 908 (lc

77 978 103 1028 o
128 977 209 1027 non
233 952 353 1053 magis
378 976 496 1048 (ptam
521 954 570 1027 de
595 959 703 1050 patre
727 951 844 1026 scribi
866 953 1036 1051 potuerit
1061 979 1100 1029 v.
1120 955 1203 1027 25.=

77 1083 100 1145 t
134 1082 246 1145 coeat
277 1096 356 1170 par
375 1072 645 1170 insigniorque
663 1068 784 1169 puri!
823 1070 974 1145 Deinde
997 1071 1102 1145 idom
1126 1069 1203 1172 jam

77 1198 156 1265 nter
186 1197 355 1265 oratores
387 1190 466 1263 vita
492 1187 690 1264 delimotos
716 1185 879 1262 refertum
904 1212 927 1263 a
952 1189 1138 1266 Cicerone
1162 1191 1203 1265 in

77 1314 161 1383 tnu.
193 1332 227 1382 c.
253 1309 316 1382 16.
353 1318 385 1397 5.
414 1310 451 1381 6.
486 1308 626 1383 Brutus
658 1314 787 1381 autem
813 1306 1008 1381 Ciceronis
1041 1310 1202 1408 scriptun

77 1434 114 1501 st
137 1427 291 1501 circiter
315 1450 417 1501 anuo
445 1426 488 1499 ll.
517 1425 560 1500 G.
578 1428 688 1519 709„
722 1432 767 1498 ut
789 1424 997 1498 Wetzelius
1022 1428 1135 1499 docet
1163 1427 1203 1499 in

77 1546 129 1619 'io
155 1544 347 1620 Ciceronis
364 1544 522 1643 Epistol.
537 1544 702 1619 Editioui
728 1541 848 1642 praef.
874 1568 913 1641 p.
932 1544 995 1617 38.
1048 1542 1095 1616 Et
1121 1545 1203 1617 sine

77 1664 174 1738 ubic
206 1664 271 1738 illc
303 1672 361 1739 cst
396 1664 635 1761 lcumena,
679 1685 796 1760 quem
831 1684 918 1735 oum
954 1658 1203 1759 Scipionem

77 1782 235 1881 lispania
277 1784 462 1857 interiisse
506 1790 636 1855 rsarrat
677 1782 824 1856 Auctor
864 1782 912 1854 de
956 1781 1000 1854 B.
1036 1779 1201 1857 African.

77 1904 183 1977 ‚cc

159 2020 335 2118 lienique
370 2046 484 2118 (quarm
519 2022 699 2095 llacerius
733 2022 781 2094 de
811 2019 1000 2116 Torquati
1026 2019 1201 2093 Consulis

77 2148 197 2241 upote
222 2141 389 2237 (prodam
416 2140 543 2214 obiter
560 2164 604 2213 ac
618 2147 764 2213 temore
781 2139 990 2237 proatlerat
1007 2135 1201 2235 conjectu-

77 2282 161 2352 am,
195 2281 281 2332 eam
307 2259 444 2356 cupitle
470 2258 627 2356 arripuit
654 2255 878 2331 Sanatlonus
903 2263 963 2346 et,
996 2256 1083 2329 licet
1108 2257 1201 2329 nihil

77 2378 245 2471 curarit,
287 2400 365 2474 quo
399 2400 485 2451 eam
516 2376 753 2475 probabilem
776 2375 974 2467 redderet,
1009 2377 1201 2447 tamenin

77 2520 144 2571 uas
178 2505 307 2595 partes
338 2495 455 2569 traxit
478 2494 818 2570 Mitsoherliohimn
842 2492 884 2565 in
908 2492 1067 2591 Argtnn.
1095 2489 1201 2565 Oulae

77 2616 172 2691 'om.
188 2614 239 2687 Π.
263 2640 303 2712 p.
320 2616 407 2688 384.
434 2624 472 2687 ct
487 2611 841 2713 Venderbourgium
857 2611 969 2686 Tom.
980 2609 1031 2683 Π.
1047 2638 1087 2709 p.
1099 2611 1200 2704 265„

77 2730 166 2834 ujus
191 2734 308 2809 verba
334 2756 402 2806 suo
428 2754 585 2805 assensu
610 2732 855 2829 comprobata
873 2729 1025 2829 repetiit
1042 2731 1201 2804 Botlnius

77 2878 93 2927 ι
130 2852 311 2925 Annotat.
345 2852 394 2924 ad
430 2850 529 2923 l'eae
562 2848 695 2924 Horat.
730 2877 768 2947 p.
797 2850 884 2923 162.
945 2848 992 2920 At
1016 2844 1111 2922 milli
1136 2851 1202 2924 illc

77 2970 232 3047 'aansulis
255 2992 377 3069 nepos
402 2969 553 3043 videtur
578 2968 864 3042 commentiolus
890 2992 996 3057 csse,
1031 2969 1201 3067 nihilque

77 3088 220 3187 npeslit
251 3112 329 3185 quo
361 3089 488 3161 minus
514 3111 634 3183 aeque
655 3088 759 3160 illius
784 3086 1003 3160 framrelem
1029 3087 1109 3162 sive
1134 3111 1202 3185 pa-

77 3207 221 3282 urelcm
254 3204 467 3305 confingam
503 3215 544 3279 et
575 3206 718 3309 lloratii
753 3204 977 3278 familiarem
1002 3202 1117 3277 luisse
1144 3206 1202 3277 ‹li-

77 3350 156 3403 am·
208 3325 349 3417 Quodsi
384 3325 450 3397 illc
475 3322 606 3397 luisset
631 3306 804 3397 consuis
829 3344 969 3419 nepos,
1004 3328 1069 3393 aut
1093 3318 1203 3393 fallor

77 3450 128 3517 ut
152 3442 329 3517 Horatius
355 3444 520 3539 aliquam
544 3437 733 3539 injecisset
756 3441 991 3516 mentionem
1021 3433 1106 3537 ojus
1127 3438 1202 3530 avi,

77 3588 140 3662 [uo
149 3560 314 3636 Consule
321 3569 434 3635 iratus
451 3562 600 3634 luisset:
619 3563 688 3634 sed
707 3561 747 3632 iu
759 3570 899 3634 neutro
916 3558 1081 3633 carmine
1091 3557 1203 3654 quisl-

77 3704 178 3780 [uum
202 3679 300 3755 inest
324 3682 428 3778 quod
450 3681 499 3752 aa
525 3679 694 3753 nobilem
716 3678 822 3752 illam
847 3687 999 3778 gentem
1023 3675 1203 3749 Manlium

77 3801 178 3877 ossii
208 3798 357 3875 referri.
417 3798 595 3890 Accedit,
629 3799 752 3894 quod,
787 3796 819 3871 si
845 3795 930 3894 quis
955 3818 1075 3891 nepos
1101 3793 1203 3868 Con·

77 3920 152 3995 ulis
178 3926 368 4018 susperstes
393 3916 545 4009 luisset,
587 3917 797 4015 permimm
828 3912 1064 4002 sauciaret,
1101 3915 1204 4010 quod

77 4064 141 4115 um
165 4039 344 4137 autiquae
368 4038 585 4133 nobilisque
609 4035 775 4108 familiae
807 4033 933 4131 proles
961 4054 1089 4129 neqrm
1114 4034 1204 4108 belli

77 4180 187 4257 terune
221 4157 324 4255 pacis
356 4158 500 4231 artibus
534 4154 756 4229 iunoutissct
788 4152 958 4249 nullique
983 4150 1024 4223 in
1050 4152 1204 4227 civitate

77 4276 214 4351 mmeri
239 4278 392 4351 admota
418 4275 565 4348 lusisset.
618 4271 696 4348 seu
713 4273 831 4346 altum
849 4270 950 4368 apud
965 4290 1098 4346 onuaes
1113 4270 1205 4344 scri-

77 4403 194 4471 »tores
229 4418 276 4469 ea
310 4396 360 4470 de
392 4418 435 4467 re
470 4390 679 4467 silentium!
715 4391 925 4463 Pnulenter
946 4387 1064 4489 igitur
1089 4386 1206 4461 Glan-

887 4510 939 4582 ²0
955 4509 976 4551 ii
