2670 5294
149 690 202 767 bb
449 764 453 773 ,
501 714 553 765 nr
578 717 616 767 r..
633 713 758 766 mm
785 712 932 767 rosen.

149 884 277 953 terum
306 877 357 953 ab
400 874 516 980 hujus
556 875 675 954 etiam
707 875 884 953 carminis
916 874 1103 976 scriptore
1135 875 1289 955 Varium

149 1021 230 1072 non
262 1004 421 1098 propter
451 996 581 1098 epica,
622 998 692 1072 scd
730 997 937 1073 bmnatiea
968 996 1164 1071 numum
1185 997 1289 1073 vide-

149 1140 237 1190 mus
272 1118 460 1212 carniina,
495 1140 663 1216 quorum
696 1117 921 1218 gravitatem
943 1122 983 1191 et
1006 1115 1289 1217 grandiloquum

151 1236 427 1313 sublimitatem
450 1236 554 1311 haud
576 1235 780 1312 invenuste
803 1235 998 1335 exprimit.

252 1354 333 1431 Sed
356 1363 533 1433 revertor
546 1356 596 1429 ad
608 1354 827 1449 Horatium,
853 1354 922 1454 qui
941 1353 1140 1455 ingenium
1152 1351 1288 1429 doctri·

151 1497 317 1572 namque
332 1474 440 1549 Varii
464 1482 505 1550 et
530 1472 679 1573 Virgilii
705 1497 822 1572 quam
845 1472 973 1574 magni
995 1470 1153 1567 fecerit,
1181 1473 1287 1548 etiam

150 1595 193 1668 in
216 1591 389 1693 Epistola
413 1595 463 1668 ad
486 1593 646 1668 Pisones
671 1598 850 1667 testatum
874 1590 1046 1691 reliquit,
1072 1590 1142 1664 ubi
1162 1600 1286 1667 contra

109 1719 114 1727 ‘
151 1708 427 1788 Grammaticos
450 1716 491 1787 et
516 1710 676 1787 Griticcs
691 1711 892 1789 navandae
916 1709 1101 1785 emtionis
1126 1712 1288 1785 studium

150 1836 191 1905 et
215 1855 318 1908 nova
341 1832 461 1908 verbu
484 1829 650 1906 faciendi
672 1829 868 1906 licentiam
891 1827 967 1903 sibi
983 1828 1197 1930 amicisque
1218 1829 1288 1903 mis

149 1949 343 2028 vindicans
367 1950 518 2052 scripsit
540 1972 581 2027 v.
598 1951 661 2026 53.

756 2062 864 2162 Quid
884 2076 1018 2141 actos

86 2184 90 2195 ’
205 2186 372 2265 Caecilio
396 2190 614 2290 Plautoque
637 2183 750 2260 dabit
772 2186 1007 2275 Romanae,
1034 2186 1237 2261 adonim
1274 2287 1277 2291 Ι

205 2305 376 2413 Wrgs'tic
404 2307 449 2383 V
442 2299 634 2407 serioque?
665 2306 751 2400 Ego
776 2328 869 2393 cur,
897 2301 1100 2405 acquirere
1115 2332 1254 2406 pauco

201 2423 247 2499 si
261 2450 448 2525 possum,
475 2424 677 2516 iuvideor,
702 2448 792 2499 murs
807 2419 946 2517 lingua
962 2422 1125 2498 Oetacis
1142 2422 1291 2500 etEsas‘

201 2546 424 2643 Sennmaem
446 2543 627 2645 patrium
650 2539 839 2617 ditaverit
862 2551 901 2613 et
923 2564 1031 2615 cova
1054 2566 1192 2619 rerum

200 2661 377 2739 Neruico
397 2656 692 2764 protuleritl⁵⁷)
845 2675 852 2689 '
1062 2706 1072 2713 -

148 2783 244 2859 Nam
275 2782 351 2859 hoe
382 2783 425 2856 in
449 2783 535 2859 loco
560 2780 745 2857 Caecilius
769 2786 810 2854 et
833 2776 989 2854 Plautus
1012 2804 1085 2877 pro
1108 2780 1293 2881 antiquis-

149 2902 252 2979 simis
278 2903 495 3001 quibusque
520 2900 643 2999 poetis
667 2922 845 3001 magnam
859 2897 1015 2973 laudem
1029 2906 1144 2997 atque
1162 2908 1291 2977 aucto-

147 3021 301 3095 ritatem
325 3020 473 3118 adeptis
496 3026 713 3115 ponuntiu,
755 3018 897 3118 quibem
929 3014 1109 3118 Virgilius
1135 3018 1292 3095 Varius·

148 3161 224 3235 que
254 3144 504 3235 opponuntur
534 3134 576 3207 in
608 3159 750 3237 genere
781 3163 854 3239 pro
881 3140 957 3236 eis,
1001 3138 1068 3240 qui
1093 3161 1186 3214 cum
1209 3162 1289 3215 ms·

146 3255 253 3329 xime
277 3254 319 3327 in
343 3260 423 3329 arte
447 3252 598 3353 poetice
621 3256 877 3357 principatum
902 3265 1058 3335 teneant
1073 3264 1115 3333 et
1142 3280 1289 3335 sum

147 3374 260 3448 laude
293 3380 334 3448 et
366 3373 590 3449 auctoritate
623 3376 764 3452 merito
800 3401 871 3452 suo
904 3375 1077 3453 floreant
1140 3376 1288 3478 Scripta
1330 3362 1333 3389 ³

148 3498 279 3568 autem
312 3500 372 3566 est
406 3493 501 3568 haec
535 3493 585 3567 ad
617 3492 777 3571 Pisones
810 3497 973 3596 epistola
1010 3494 1163 3572 circiter
1186 3520 1223 3571 a.
1244 3494 1286 3573 U.

148 3608 191 3684 C.
206 3610 293 3685 731.
303 3662 317 3705 ,
343 3618 445 3687 certe
467 3618 556 3709 post
580 3635 725 3687 annium
740 3614 787 3688 U.
803 3613 846 3689 G.
863 3617 974 3710 730„
1000 3614 1183 3709 Quintilio
1200 3614 1287 3691 Cra·

145 3728 323 3804 monensi
353 3727 528 3827 fatalem,
568 3738 609 3806 et
641 3739 728 3809 unte
763 3756 908 3809 ennium
932 3734 978 3811 U.
994 3733 1037 3810 G.
1054 3732 1171 3831 735„
1210 3756 1284 3835 quc

232 4041 286 4110 ⁵7)
307 4031 462 4097 Manifesta
483 4033 539 4097 boc
558 4038 589 4097 in
608 4038 674 4099 loco
694 4040 770 4100 inest
790 4036 1050 4101 Grammaticorum
1069 4049 1099 4102 et
1118 4036 1283 4103 criticam
1330 4054 1333 4119 ᾗ

145 4120 351 4198 reprehensio,
382 4143 474 4199 ques,
503 4143 569 4182 mm
598 4125 628 4182 in
658 4127 773 4200 scriptis
802 4123 921 4186 Gsccilii
950 4123 1104 4202 Plautique
1133 4126 1284 4189 camscslii

144 4227 216 4268 nors
237 4208 325 4268 verbs
348 4222 409 4269 non
438 4207 631 4284 offenderent,
661 4211 818 4285 iniquitatis
846 4222 978 4287 accusat,
1008 4211 1104 4287 quod,
1134 4212 1285 4291 siquid·
1331 4244 1333 4251 ·

144 4287 272 4366 Virgilio
301 4304 330 4353 et
350 4292 461 4368 Vario,
490 4295 593 4369 quibus
621 4296 705 4354 tacite
733 4308 824 4355 semet
851 4299 948 4372 ipsum
976 4297 1125 4375 adjungit,
1153 4308 1286 4361 nonan

144 4386 238 4450 esset,
270 4397 357 4454 aegre
378 4378 486 4438 ferrent
508 4389 538 4439 et
564 4377 735 4439 stomachari
759 4402 793 4441 ac
813 4382 956 4442 smtidiosi
974 4383 1143 4443 vellicarent
1163 4394 1195 4445 et
1215 4384 1286 4449 vit·-

143 4470 285 4532 perareut.
340 4457 414 4521 Cum
439 4466 528 4540 igitur
554 4462 601 4525 hie
630 4485 725 4525 sermo
753 4468 873 4527 sitnon
903 4467 940 4527 de
971 4464 1098 4529 Caecilio
1126 4478 1156 4528 et
1185 4466 1287 4535 Plus·

143 4545 316 4619 viventibus,
336 4546 432 4608 redde
440 4548 565 4609 residuis
586 4571 686 4611 eorum
706 4554 858 4626 operibus,
882 4564 1013 4628 apertum
1021 4564 1075 4626 est,
1097 4555 1288 4616 uuicsvem

141 4648 207 4688 esse
227 4629 380 4689 lectionem
401 4651 430 4692 v.
449 4636 501 4693 54.
524 4631 626 4711 dahis,
660 4656 713 4711 pro
742 4658 798 4713 qua
825 4638 876 4698 alii
904 4635 997 4698 chd.
1019 4635 1093 4699 listi
1121 4635 1208 4699 dedis
1228 4642 1289 4703 sivo

141 4712 252 4817 ‘³th
284 4713 362 4789 qsrod
391 4720 534 4793 expressit
561 4717 810 4800 Regelsbergarus
838 4725 1026 4802 reponebas
1044 4721 1241 4789 fluentia
1260 4734 1290 4787 rt
