2670 5294
142 692 195 767 72
496 713 548 764 mr
574 711 612 763 ι.
630 708 756 763 vrato
783 708 929 763 sorra.

143 883 371 971 statuamus,
405 872 461 948 ita
494 881 539 948 ut
570 897 607 948 a.
631 873 678 949 U.
702 871 747 949 C.
771 873 881 968 737„
915 869 1006 947 licet
1028 892 1155 945 senex
1177 892 1280 944 sexa·

143 996 332 1099 geuarius,
358 993 435 1069 dici
449 992 659 1091 haberique
683 991 807 1067 adhuc
821 997 953 1092 posset
970 988 1133 1065 illustris
1149 981 1279 1088 poeta?

144 1115 217 1209 Qui
240 1114 356 1216 igitur
382 1111 518 1188 canui
540 1110 666 1187 fuerat
690 1111 847 1206 sodalis,
873 1117 967 1186 natu
990 1108 1144 1202 minor,
1169 1114 1210 1183 et
1231 1104 1280 1181 is-

144 1234 305 1311 miliaris
338 1232 609 1331 convictorque
632 1230 863 1305 Maecenatis
889 1226 1072 1331 junioris,
1104 1227 1140 1301 is
1166 1224 1281 1327 Virgi-
1327 1318 1329 1325 Ι

144 1353 241 1429 lium
266 1359 306 1426 et
329 1351 531 1427 Horatium
562 1347 723 1450 juvenes
750 1356 1027 1447 nascentosque
1054 1353 1190 1446 poetas
1212 1353 1281 1421 str-

145 1472 297 1547 diorum
328 1471 511 1544 adductus
536 1468 780 1543 similiarffine
811 1468 854 1543 in
876 1466 1177 1542 familiaritatem
1199 1462 1281 1540 ami·

146 1589 349 1687 oitiamque
389 1594 645 1687 assumpserat
675 1595 716 1662 et
748 1612 820 1686 per
857 1610 1015 1663 omnem
1047 1584 1173 1662 vitam
1203 1608 1281 1659 oon·

145 1705 381 1811 junctissime
415 1730 505 1782 cum
535 1706 612 1781 illis
654 1705 818 1783 vixerat.
877 1705 970 1804 lpse
1011 1704 1055 1778 in
1094 1702 1282 1803 republica

147 1825 190 1901 Ο.
211 1826 302 1902 Julii
328 1824 498 1902 Caesaris
529 1832 655 1926 partes
688 1825 721 1900 si
753 1850 834 1901 non
859 1824 996 1919 armis,
1030 1830 1138 1899 certe
1166 1821 1281 1896 auimo

146 1946 349 2045 stu‹lioque
384 1952 554 2039 secutus,
590 1944 756 2020 heroicis
796 1945 967 2020 versiltus
1001 1942 1103 2016 illius
1140 1940 1283 2017 caedar

147 2066 350 2164 deplorans
374 2061 453 2166 jam
478 2072 567 2139 ante
592 2087 737 2138 annum
761 2062 804 2136 U.
825 2062 971 2138 (1714.
997 2082 1179 2161 magnam
1202 2080 1283 2157 pos·

145 2191 209 2258 tae
241 2184 340 2282 epici
372 2183 532 2283 gloriam
566 2188 922 2276 commutassent,
956 2203 1120 2278 eamque
1147 2184 1284 2254 auctam

146 2301 307 2400 posthac
346 2307 387 2374 et
425 2300 691 2400 amplificatam
724 2300 960 2402 Panegyrico
1000 2297 1042 2372 in
1083 2296 1284 2400 Augustum

146 2442 269 2516 usque
317 2419 365 2492 ad
397 2442 433 2493 a.
459 2419 503 2493 U.
531 2420 572 2494 C.
603 2422 691 2494 723.
726 2444 826 2503 unus
867 2419 970 2495 inter
1003 2418 1185 2516 aequales
1223 2414 1286 2491 ob·

146 2538 324 2613 tinuerat.
383 2537 492 2613 Hauc
515 2561 629 2632 vero,
665 2560 783 2637 quam
814 2538 934 2639 epicis
959 2536 1191 2613 canninibus
1222 2530 1285 2607 sibi

146 2664 371 2756 pepererat,
414 2657 576 2758 gloriam
607 2656 698 2731 inde
730 2656 779 2730 alr
805 2651 1287 2748 succlamamus

51 2872 54 2877 Ι
148 2775 322 2872 Thyeste
353 2777 564 2877 tragoedia,
606 2776 659 2850 ita
698 2775 942 2852 imminuerat
979 2781 1020 2851 et
1063 2773 1288 2848 obsanare·

147 2903 227 2990 rat,
263 2921 352 2971 eum
382 2903 427 2969 ut
459 2894 636 2994 aequales
669 2902 760 2969 natu
791 2894 960 2969 minores
985 2891 1133 2993 pariter
1157 2913 1203 2965 ac
1224 2912 1290 2989 po-

149 3014 243 3087 steri
267 3039 348 3091 non
371 3022 415 3087 ut
439 3014 569 3112 spicae
610 3013 738 3111 poesis
762 3011 996 3112 principem,
1030 3011 1097 3087 sed
1123 3018 1169 3085 ut
1191 3032 1292 3085 sum·

148 3155 256 3205 mum
288 3131 548 3223 Romanormn
581 3130 769 3230 tragicum
807 3139 848 3206 et
879 3130 1146 3207 felicissimum
1177 3127 1292 3205 Gras-

149 3272 285 3324 corum
309 3273 356 3324 ea
379 3249 422 3323 in
445 3249 559 3323 laude
584 3251 857 3327 aemulatorem
879 3233 1154 3348 praedicarent.
1196 3246 1293 3323 Vidit

150 3390 241 3441 eum
266 3392 415 3443 summa
439 3366 642 3443 florentem
657 3369 786 3468 poesis
810 3369 976 3469 tragicae
1000 3368 1114 3441 laude
1136 3364 1294 3443 Ovidius

148 3480 319 3585 juvenis,
345 3494 390 3561 ut
413 3484 499 3585 ipse
524 3495 724 3563 attestatur
748 3512 801 3563 ex
825 3488 937 3563 Pont.
961 3486 1071 3562 Lihr.
1086 3484 1154 3565 lv.
1178 3483 1295 3588 Epist.

153 3606 214 3681 16.
240 3630 281 3682 v.
298 3605 363 3681 31.

204 3722 335 3823 Quum
372 3723 418 3802 V
410 3721 523 3800 arista
559 3724 835 3828 Graeciamque
877 3726 1019 3803 doceret
1045 3725 1152 3827 fera
1192 3721 1296 3799 dicto

257 3959 491 4040 catamiti
511 3964 703 4041 Proculas
726 3858 1011 4038 awdteyl‘ddssslt
1033 3961 1108 4038 s'ter
1117 3961 1180 4060 ⁶⁵).

149 4080 232 4159 lloo
265 4084 308 4158 in
340 4080 427 4157 loco
459 4105 483 4159 a
514 4107 573 4182 pr.
606 4107 660 4158 m.
698 4083 744 4162 V
738 4109 836 4158 am
841 4134 856 4173 ,
899 4083 966 4157 sed
1001 4080 1300 4183 suprascriptam

154 4199 197 4276 V
192 4200 323 4279 ardu:
360 4200 454 4277 God.
486 4201 582 4279 Bav.
617 4226 680 4301 ap.
711 4201 946 4296 Harlesium,
987 4202 1057 4301 qui
1089 4200 1207 4276 etiam
1243 4210 1303 4298 ty-

150 4318 291 4392 rannis
321 4321 456 4415 habet,
499 4322 604 4420 quod
644 4319 690 4395 N.
726 4319 902 4396 Heinsius
936 4317 1155 4424 conjectans
1186 4317 1304 4413 dedit,

151 4572 243 4629 paene
271 4555 308 4615 ad
337 4567 497 4619 extremum
525 4558 652 4637 Augusti
674 4560 862 4635 principatum
884 4560 1012 4634 damvit,
1035 4568 1082 4634 et,
1102 4565 1177 4617 teste
1195 4553 1308 4621 Hism-

151 4659 240 4716 nymo
261 4638 529 4702 incusationes.
549 4647 585 4703 ad
608 4667 635 4704 a.
653 4644 806 4720 MMDD„
827 4649 1002 4723 octogesimo
1016 4645 1117 4706 aetatis
1140 4661 1215 4705 sune
1230 4662 1309 4705 uno

150 4735 281 4786 mortuos
301 4738 362 4787 ests
383 4724 443 4786 rid.
465 4725 639 4788 'l'lrorlscclii
660 4726 821 4790 comment.
843 4730 865 4789 l.
889 4750 918 4806 p.
933 4735 986 4791 ⁴7.

238 4815 296 4887 td)
316 4811 367 4874 lle
387 4808 519 4873 Gnade
540 4824 570 4872 st
592 4812 716 4875 Proculo
736 4811 836 4876 Poetis
855 4815 964 4877 videsis
983 4812 1109 4879 Exeurs
1126 4810 1189 4878 vl.
