2686 5236
147 654 224 732 212
496 678 546 728 us
574 678 710 731 cussie
738 680 979 731 rsunrssn

148 850 303 943 poetam
327 842 524 916 nominare
551 841 739 919 debebant
763 866 875 933 mun,
914 869 939 918 n
961 868 1040 945 quo
1063 845 1210 920 seirent
1227 846 1307 921 nn-

147 960 358 1065 jusoemodi
391 963 589 1036 versieulis
622 970 868 1061 provocatum
901 986 986 1038 esse
1010 964 1164 1040 Horatii
1188 965 1302 1041 num.

148 1082 223 1175 Qui
256 1106 343 1156 eum
375 1106 459 1155 rem
491 1082 565 1155 sibi
599 1081 829 1180 intelligeret
863 1106 949 1157 esse
974 1106 1065 1157 eum
1088 1092 1206 1182 poeto
1229 1108 1302 1161 ns-

147 1210 275 1277 seente
310 1223 435 1297 eoque
467 1200 844 1293 nmleilioentissimo,
879 1208 984 1275 tento
1016 1201 1190 1300 asperius
1216 1203 1300 1277 uni·

147 1320 366 1417 mosiueque
399 1319 652 1395 insurrexisse
693 1320 735 1391 in
769 1342 935 1417 eumque
971 1344 1128 1394 omnem
1160 1321 1300 1395 Arohi·

146 1438 312 1513 loehium
346 1438 575 1513 iambonnn·
592 1437 740 1512 rabiem
779 1434 956 1513 effudisse
986 1439 1151 1515 videtur.
1219 1438 1299 1515 Sed

146 1584 226 1633 non
251 1556 413 1656 arnpiius
446 1566 556 1634 vacat
588 1554 816 1660 conjecturis
839 1557 1061 1657 indulgere,
1094 1557 1238 1655 quibus
1261 1558 1298 1633 id

145 1678 270 1755 modo
290 1673 443 1751 efficere
469 1676 616 1770 studui,
654 1683 699 1749 ut
724 1675 1024 1752 Soholiostonnn
1060 1674 1179 1750 fidem
1206 1701 1298 1751 eon-

147 1794 341 1871 firmurem
373 1818 537 1894 eamque
571 1795 743 1871 viromm
771 1796 972 1871 doctor-mn
997 1793 1298 1871 dubitationibus

147 1915 336 2016 potiorem
363 1915 577 1989 habendum
602 1939 687 1990 esse
704 1913 988 2009 evinceremffi).
1040 1914 1296 2013 Quapropter,

146 2058 248 2133 «prae
280 2034 514 2133 optimorum
539 2034 723 2109 Codicum
748 2033 971 2111 auctoritate
1001 2031 1139 2105 nititur
1161 2032 1297 2109 inseri-

145 2154 246 2252 ptio:
290 2155 344 2225 In
382 2150 563 2228 Cassium
595 2156 799 2243 Severum,
835 2176 921 2226 eam
954 2152 987 2225 s'i
1020 2176 1101 2227 non
1137 2152 1188 2225 ob
1214 2153 1295 2251 ipso

146 2270 283 2363 Poeta,
325 2254 558 2370 oonjrmetim
589 2269 747 2371 Epodos
780 2273 937 2362 edente,
982 2278 1087 2345 oerte
1122 2271 1172 2345 ob
1200 2271 1295 2346 auti·

147 2390 234 2489 quis
259 2384 343 2489 ejus
358 2388 728 2466 Commentatoribus
745 2389 956 2489 profectum
974 2412 1059 2463 esse
1073 2399 1169 2489 puto
1190 2372 1295 2465 ideo-

146 2532 224 2607 que
255 2507 535 2607 recipiendam,
578 2517 616 2583 et
647 2516 773 2583 totum
805 2508 879 2582 hoo
903 2507 1050 2582 Horafii
1076 2532 1233 2585 cannen
1257 2510 1295 2583 in

146 2626 309 2726 antiquis
334 2629 382 2701 de
409 2627 536 2702 Cossio
562 2625 709 2703 Severo
734 2634 888 2702 oratore
913 2627 1138 2703 testimoniis
1157 2628 1294 2703 merito

145 2748 316 2848 reposuit
338 2748 457 2822 Henr.
482 2747 660 2844 Meyer-us
685 2747 728 2821 in
753 2744 875 2824 Orstt.
902 2746 1062 2821 Romen.
1089 2745 1293 2849 Fragmen-

145 2866 193 2941 tis
218 2891 256 2965 p.
277 2869 366 2943 227.

667 3083 699 3164 t·
729 3077 767 3147 7.

249 3223 336 3300 Jam
361 3225 409 3300 nb
435 3224 516 3318 his,
551 3250 647 3325 qnos
674 3226 778 3319 dixi,
815 3224 949 3300 Cassiis
986 3225 1094 3301 idem
1122 3225 1291 3332 Muffejru

146 3346 223 3419 duo
249 3344 533 3446 distinguendos
560 3368 644 3421 esse
673 3346 726 3418 ait
757 3341 930 3445 ejusdem
956 3345 1126 3421 nominis
1151 3355 1291 3447 poem,

149 3461 328 3541 cassium
344 3466 555 3538 Etruscum
578 3473 615 3537 et
637 3461 814 3539 cassum
831 3467 1097 3538 Pammene.
1149 3466 1291 3540 Utrius-

145 3605 223 3679 que
249 3590 379 3655 outem
405 3581 523 3656 Cassii
546 3584 691 3657 mentio
726 3583 774 3655 ub
801 3606 876 3656 uno
903 3581 947 3675 Q.
974 3582 1131 3658 Horatio
1158 3584 1290 3659 Flaooo

144 3699 250 3774 Lini.
275 3700 306 3774 Ι.
343 3699 458 3775 Satin.
486 3702 548 3776 10.
582 3728 620 3777 r.
639 3705 702 3776 ol.
740 3708 779 3775 et
804 3698 913 3773 Libr.
930 3699 962 3773 l.
990 3700 1113 3799 Epist.
1131 3703 1173 3778 4.
1198 3729 1237 3779 v.
1255 3704 1288 3776 3.

64 3902 67 3907 ,
142 3820 242 3906 foeta
267 3827 344 3912 est,
369 3821 487 3918 idque
513 3820 635 3895 obiter
661 3827 808 3894 tentum
824 3842 868 3893 ee
882 3820 1042 3894 velutin
1057 3827 1288 3912 transcursu,

142 3948 183 4014 et
207 3963 305 4039 quoe
321 3937 556 4017 scholiastae
580 3945 733 4016 veteres
758 3939 807 4013 ad
831 3946 1035 4037 utriunque
1053 3937 1198 4015 Poetae
1217 3936 1289 4013 Ve-

142 4060 271 4135 nusini
303 4060 433 4136 loenm
466 4059 516 4136 <le
547 4057 621 4133 illis
646 4059 897 4151 adnotanmt,
940 4080 986 4131 eo
1011 4080 1138 4155 puuoo
1164 4060 1289 4136 edmo-

228 4375 281 4440 16)
304 4368 387 4429 Hune
407 4370 578 4430 sententium
600 4386 694 4428 mesm
714 4368 879 4443 nuperrime
905 4362 1106 4441 Kirdmerus,
1131 4366 1193 4429 Vir
1212 4386 1290 4447 egre·

140 4455 224 4531 gius,
253 4457 283 4512 in
306 4454 503 4536 Quaestionib.
526 4454 629 4515 Horat.
652 4474 682 4528 p.
709 4460 760 4515 23.
780 4472 825 4529 sq.
855 4472 890 4512 eu
913 4454 1092 4528 impugnavit
1113 4454 1243 4515 doctrino
1262 4462 1290 4512 et

139 4538 334 4617 humanitate,
373 4560 446 4616 qum
484 4560 627 4616 quemque
664 4539 823 4599 studiorum
858 4531 1061 4598 hurmniorum
1100 4541 1290 4615 professorem

30 4640 35 4651 ·
139 4624 238 4699 decet,
260 4645 313 4683 nec
332 4636 428 4683 tnmen
449 4627 624 4702 argumentis
647 4626 708 4685 sive
723 4628 820 4701 potins
841 4623 1082 4697 destitutionibus,
1106 4646 1181 4701 quus
1196 4628 1289 4700 merit,

139 4713 202 4773 suis
225 4710 337 4781 effecit,
370 4720 404 4769 ut
430 4729 506 4771 nunc
524 4733 542 4771 s
561 4713 707 4789 proposito
735 4713 806 4772 olim
833 4712 972 4770 sententie
993 4710 1206 4773 discedendum
1223 4709 1289 4771 niti

139 4816 205 4857 esse
225 4798 360 4873 judicem.
