2670 5294
150 652 227 729 244
499 674 550 726 on
576 674 714 726 osssro
740 674 965 725 rnnmusr.

152 834 359 936 expiabili,
397 837 490 910 dnm
521 837 699 930 vivebat,
733 836 824 912 odio
849 838 953 936 apud
980 834 1205 939 Augnutrnn
1224 834 1285 929 itit,

152 953 311 1056 ejusque
335 952 461 1053 jussu,
487 956 609 1028 tribus
634 956 766 1029 lustris
790 963 875 1053 post
899 956 997 1029 illud
1017 956 1174 1031 facinus
1192 979 1285 1055 paam

153 1075 336 1174 peractis,
361 1074 520 1149 Athenis
538 1076 742 1147 crudeliter
757 1075 1012 1172 interemptus
1030 1085 1108 1149 est.
1163 1075 1285 1174 Operae

154 1193 324 1293 pretium
348 1193 552 1283 ardente,
578 1217 696 1287 <pram
721 1194 769 1265 de
796 1216 948 1286 caussa,
983 1195 1036 1267 ob
1065 1218 1186 1291 quam
1209 1217 1285 1265 unu

155 1311 332 1385 Horatius
366 1310 536 1384 Cassinun
568 1311 677 1383 illnnn
715 1320 756 1384 et
787 1312 1064 1387 memoraverit
1101 1320 1142 1385 et
1167 1311 1283 1385 exim

155 1430 298 1530 ingenii
322 1429 460 1527 poetici
486 1430 598 1501 laude
624 1428 834 1519 ornaverit,
871 1429 1015 1526 aliquid
1042 1429 1231 1519 dicamne,
1251 1450 1281 1501 α

155 1570 256 1647 quae
289 1547 433 1647 passim
467 1548 568 1644 apud
601 1547 804 1643 scriptores
839 1557 990 1621 veteres
1015 1548 1067 1620 de
1093 1546 1281 1621 Parmensis

155 1667 275 1742 Cassii
308 1666 386 1741 vita
419 1666 611 1761 rebusque
645 1664 758 1763 gestis
792 1666 999 1739 memoriae
1032 1666 1187 1763 prodita
1210 1664 1278 1763 legi·

155 1810 265 1878 mnu,
292 1807 493 1858 recensere
519 1794 579 1874 et,
605 1784 733 1878 quoad
758 1780 841 1881 ejus
866 1782 949 1857 lieri
974 1791 1123 1881 potest,
1150 1784 1197 1857 ad
1219 1806 1279 1855 cer·

157 1912 240 1978 tum
264 1911 479 2000 temporum
504 1900 678 1974 ordinem
703 1924 897 1975 revocare.
962 1903 1046 1994 Qua
1072 1902 1218 1975 ratione
1237 1897 1279 1970 lu·

156 2029 287 2095 tnrtmn
313 2044 396 2094 esse
421 2044 639 2117 speramus,
675 2027 738 2112 ut,
774 2043 872 2115 quae
897 2016 1133 2093 scholiastae
1159 2014 1278 2093 Horatii

158 2138 413 2227 tradidenunt,
458 2145 499 2210 et
533 2138 788 2210 dilucidentur
820 2144 861 2209 et
886 2138 1125 2236 corrigantur
1151 2148 1191 2211 et
1214 2160 1278 2231 sup

156 2256 335 2353 pleantur
367 2253 516 2351 totique
549 2255 635 2329 loco
660 2254 868 2329 Horatiano
891 2255 1103 2354 plurimum
1128 2256 1220 2330 lueis
1240 2250 1280 2328 al·

158 2374 312 2447 lerattrr.

261 2493 321 2565 Ab
346 2491 566 2568 Scholiastis
598 2494 752 2569 Cassius
785 2494 999 2568 l'armeusis
1023 2493 1142 2567 Poeta
1169 2492 1283 2566 dicitu

159 2614 200 2686 in
227 2613 398 2710 partibus
434 2613 551 2687 Cassii
577 2624 617 2687 et
642 2616 752 2688 Bruti
786 2616 960 2687 trilumus
986 2612 1154 2684 militum
1180 2611 1282 2683 tuisse.

158 2728 251 2831 Ejus
276 2733 333 2805 rei
350 2731 466 2806 fidem
486 2732 686 2806 corrsrrmat
702 2734 895 2832 Appianus
911 2733 960 2803 de
973 2732 1017 2803 B.
1037 2731 1121 2804 civ.
1137 2725 1284 2803 Libui.

159 2876 192 2925 c.
212 2854 262 2939 2.,
288 2851 355 2923 ubl
372 2856 519 2931 Κάσσιος
534 2850 553 2919 ὁ
572 2851 773 2943 Παρμήσιος
789 2854 928 2942 ι’πίκλήν
942 2857 1118 2922 narratur
1136 2874 1159 2921 a
1179 2846 1286 2923 Cassio

159 2978 199 3041 et
224 2969 345 3041 bruto
378 2969 531 3042 relictus
565 2990 648 3040 esse
683 2968 726 3039 in
750 2969 840 3041 Asia
866 2993 954 3043 cum
980 2969 1102 3041 classe
1128 2976 1169 3041 et
1194 2958 1288 3040 exer·

158 3086 254 3176 citu,
279 3096 321 3157 ut
346 3087 525 3184 pecunias
551 3086 741 3184 exigeret:
767 3087 808 3159 id
833 3088 938 3183 quod
963 3110 1064 3158 annno
1090 3087 1136 3157 U.
1158 3074 1201 3159 C.
1217 3086 1289 3157 712.

157 3203 312 3275 ineunte
337 3202 475 3276 factum
501 3211 571 3276 est.
624 3204 728 3275 Tum
752 3204 876 3304 pergit
901 3203 1119 3302 Appianusr
1152 3204 1289 3275 Κασσίου

158 3315 197 3384 δὲ
219 3311 471 3395 ἀποθανόντος,
503 3312 600 3383 οὐδὲν
621 3316 767 3399 ἐλπίζων
789 3316 907 3401 ὅμοιον
935 3317 971 3384 ἐν
991 3313 1152 3403 Βρούτῳ,
1171 3310 1291 3383 Ῥοδίων

158 3415 338 3495 ἐπελέξατο
366 3416 435 3507 (so.
463 3413 612 3486 Cassius
639 3415 869 3507 Parmensis)
895 3423 975 3507 νῆας
994 3415 1192 3507 τριάκοντα,
1224 3413 1292 3491 ὅσαι

158 3513 287 3601 ἐνόμιζε
309 3516 513 3607 πλήριδσειν,
535 3518 592 3584 καὶ
611 3518 671 3598 τὰς
692 3519 815 3599 λοιπὰς
836 3519 996 3608 διέπρησε
1014 3519 1117 3607 χωρὶς
1133 3522 1192 3607 τῆς
1205 3514 1290 3605 ἱερᾶς.

157 3616 212 3685 ἵνα
239 3618 286 3708 μή
316 3620 465 3686 δί’ναιντο
487 3620 689 3706 νεωτερίσαι.
734 3622 804 3688 Καὶ
825 3616 843 3687 δ
865 3621 928 3705 μὲν
948 3617 1031 3687 τιίδε
1053 3621 1203 3711 πράξας,
1226 3611 1291 3701 cini·

159 3744 235 3811 γετο
262 3728 335 3802 ταῖς
365 3748 401 3789 τε
430 3719 530 3801 ἰδίαις
560 3723 616 3789 καὶ
651 3727 724 3801 ταῖς
751 3718 938 3812 τριάκοντα.
997 3720 1152 3800 Κλώδιος
1184 3718 1236 3795 δὲ,
1263 3716 1290 3782 ίκ

158 3825 310 3915 Βρούτον
332 3826 505 3913 πεμφθεὶς
526 3825 560 3904 ἐς
577 3820 690 3892 Ῥόδον
711 3823 769 3891 ἐπὶ
790 3826 872 3889 νεῶν
893 3822 1129 3911 τρισκαίδεκα,
1151 3814 1290 3899 τοδςῬν·

160 3924 254 4006 διὀνς
275 3924 524 4014 νεωτερίζοντας
544 3922 649 4013 εδριδν
671 3923 858 4013 (ἐτεθνήκει
875 3925 938 4013 γὰρ
953 3918 1016 4012 ήδη
1036 3923 1092 3989 καί
1111 3920 1130 3989 ὁ
1147 3922 1290 4011 Βροῦτος)

160 4024 353 4118 ἐξήγαγε
316 4053 376 4117 τήν
397 4051 485 4116 ροσε
487 4053 565 4114 ραν,
596 4021 699 4096 οὖσαν
721 4022 865 4095 ὁπλιτῶν
885 4022 1093 4112 τρισχιλίων,
1117 4050 1174 4090 και
1165 4020 1275 4103 33⁸
1246 4044 1291 4087 τοι

159 4129 397 4223 Παρμήσιον
381 4129 506 4218 εχιόρει.
545 4125 698 4217 'statuero
722 4128 759 4196 δε
783 4123 892 4206 αὐτοῖς
912 4152 968 4192 και
960 4119 1249 4211 ⁸Toupotileo3f
1236 4120 1293 4190 τεί-

160 4254 223 4319 ρας
251 4238 329 4313 ναῦς
355 4230 437 4315 ἔχων
465 4223 593 4311 πολλιίς
615 4235 666 4298 καὶ
690 4225 859 4351 χρήματα,
892 4226 958 4295 ὅσα
980 4218 1256 4313 προεξείλεκτο’
1237 4219 1296 4291 απὸ

159 4335 218 4419 τῆς
234 4326 360 4401 Ῥόδον.
403 4333 454 4413 ’1.’ς
475 4333 516 4422 δή
537 4334 575 4400 τὸ
598 4330 749 4399 ναυτικὸν
769 4354 886 4406 τουτο,
910 4322 955 4407 ὡς
977 4326 1012 4406 ἒς
1035 4318 1100 4415 ήδη
1120 4326 1194 4394 τινὰ
1208 4324 1297 4409 ίσχίιι,

161 4430 420 4501 colorandam
443 4426 527 4522 ἦσαν
548 4460 631 4501 κατα
618 4432 736 4557 ’μέρη
758 4434 849 4518 τῆς
834 4425 946 4508 Ἅ’σιας
961 4428 1076 4496 ἐπι
1029 4454 1097 4494 των
1109 4424 1299 4517 ὑπηρεσιῶν,

159 4528 219 4599 καὶ
247 4526 329 4599 αὐτὸ
358 4528 514 4614 ὁπλίταις
540 4561 576 4603 τε
599 4523 684 4616 ἐξ
656 4560 702 4602 ων
723 4530 878 4601 εδύναντσ
900 4526 1134 4619 ἀνεπλήρουν,
1163 4556 1219 4595 και
1210 4524 1302 4617 ἔρι’-

158 4656 233 4713 εαις
254 4630 292 4699 ln
311 4632 533 4721 θεραπόντων
556 4630 578 4725 ἢ
598 4638 792 4722 δεσμωτῶν,
814 4631 1031 4711 ἐπιπλέοντες
1052 4630 1092 4699 δὲ
1100 4634 1177 4709 ταῖς
1186 4626 1302 4719 νήσοις,

52 4740 63 4759 “
159 4732 218 4805 καὶ
244 4726 317 4805 sind
345 4736 412 4803 τῶν
441 4740 619 4822 νησιωτῶν.
667 4730 777 4826 ἦλθον
807 4730 842 4803 δ’
872 4733 908 4814 ἐς
936 4728 1057 4813 αὐτοὺς
1077 4731 1139 4801 καὶ
1158 4731 1304 4819 Κικέρων
