2670 5294
108 547 187 627 250
461 570 513 623 on
539 567 677 621 ansero
704 567 931 621 rnmnsr.

108 735 221 836 paulo
245 738 335 835 post
358 756 526 834 pugnam
550 731 762 826 Actiacam,
804 739 844 807 et
877 731 1056 809 Cassium
1079 733 1232 809 Parmos·

110 878 214 946 sem,
256 858 455 951 praesento
486 849 644 925 Athenis
680 848 840 926 Caesare
880 849 1120 947 Octaviano,
1152 850 1234 954 jugu-

110 975 230 1047 lattrm
256 995 352 1045 esse.
406 968 570 1043 Obiisset
594 968 710 1067 igitur
733 970 804 1042 sub
820 968 939 1044 finem
953 972 1050 1044 anni
1065 972 1111 1046 U.
1123 971 1234 1045 cata

109 1093 161 1164 At
191 1090 281 1163 huie
315 1087 525 1162 sententiae
558 1087 803 1183 quantumvis
837 1089 1029 1164 nonnulla
1054 1090 1097 1163 in
1121 1090 1236 1164 Valeri

109 1209 285 1283 Maximi.
303 1206 520 1280 narratione
545 1206 775 1302 patrocinari
800 1206 1027 1303 videantur,
1053 1215 1113 1283 tot
1136 1217 1236 1283 tamen

109 1354 153 1405 ac
193 1334 322 1401 tantae
366 1324 611 1398 adversantur
646 1323 882 1400 difficultates
922 1349 977 1400 ex
1014 1346 1147 1401 rernm
1176 1336 1237 1401 tun

108 1453 300 1548 gestarum
336 1442 469 1517 ordine
502 1450 637 1534 natae,
680 1449 725 1517 ut
758 1466 952 1519 assensum
987 1470 1061 1521 nos
1087 1456 1237 1545 oporteat

111 1564 301 1640 cohibere.

623 1758 653 1838 §.
683 1748 746 1825 13.

212 1918 471 1996 Memorabilis
505 1918 712 1993 admodum
745 1919 818 1994 hac
841 1919 883 1993 in
908 1944 1045 1996 cattssa
1069 1930 1130 1997 est
1152 1923 1239 1997 luctu

110 2038 246 2139 Velleji
270 2040 417 2113 Patere.
443 2038 548 2111 Libr.
566 2036 617 2111 Π.
644 2061 677 2111 c.
694 2039 758 2112 88.
783 2048 815 2128 §.
837 2040 892 2113 l.=
918 2038 1127 2132 „Ultimus
1142 2066 1240 2113 -ex

108 2156 424 2257 interfectoribus
452 2155 654 2246 Ceterare‘a,
690 2155 917 2232 Parmensis
946 2157 1111 2233 Ceresius
1136 2172 1240 2233 curte

101 2303 256 2377 poenae
272 2273 393 2364 dedit,
419 2285 465 2346 ut
485 2274 646 2348 dederat
656 2274 813 2375 prtinus
836 2273 1055 2351 Trebonius
1062 2277 1153 2372 37).“
1183 2277 1240 2370 Qui

107 2396 263 2495 quidem
295 2394 401 2468 locus
433 2418 552 2488 qutun
586 2394 628 2466 in
654 2365 953 2468 controversiam
978 2393 1028 2468 sit
1055 2397 1241 2489 deductu,

106 2539 236 2590 meum
268 2536 351 2587 esse
385 2512 567 2602 arbitror,
607 2508 886 2613 Vollojifidem
912 2516 1241 2605 etauctoritatem,

50 2698 53 2703 .
106 2635 139 2708 si
174 2657 248 2731 qua
289 2642 444 2730 potero,
488 2629 694 2704 defendere
733 2655 777 2705 ac
820 2631 999 2703 stabilire.
1071 2633 1119 2706 Id
1161 2657 1241 2708 tero

107 2760 248 2850 quanta
281 2750 490 2849 poterimus
523 2749 694 2824 maxima
737 2775 825 2824 oum
867 2774 956 2823 cura
991 2757 1033 2822 ct
1067 2752 1242 2825 industria

106 2895 273 2971 agemus.

208 2987 255 3060 In
286 2985 434 3061 dulium
470 2983 671 3060 Caesarem
696 2986 952 3084 conspiratum
977 3011 1061 3061 esse
1088 3011 1112 3061 a
1139 3011 1241 3061 sexa-

104 3107 208 3207 ginta
233 3106 396 3201 amplius
424 3106 537 3198 siris,
573 3104 614 3176 C.
642 3103 771 3178 Cassio
797 3103 1003 3202 Marcoque
1029 3115 1069 3180 et
1091 3106 1240 3180 Decimo

102 3224 221 3297 Bruto
254 3223 489 3322 principibus
525 3223 836 3320 conspirationis,
870 3231 1001 3297 auctor
1027 3233 1085 3299 est
1111 3224 1238 3299 Sueto-

103 3343 189 3416 nius
215 3368 247 3416 ο.
267 3345 329 3415 80.
391 3343 453 3416 Ex
479 3343 552 3415 illis
576 3343 760 3440 perpauci
784 3348 932 3417 tantmn
957 3343 1114 3417 nomine
1139 3342 1238 3416 nobis

100 3462 357 3535 innotuerunt.
410 3461 485 3552 Qui
509 3461 609 3557 apud
637 3460 860 3534 Ciceronem
879 3461 1042 3559 Philipp.
1061 3461 1113 3536 Π.
1140 3487 1172 3536 ο.
1186 3462 1235 3534 ll.

100 3607 206 3679 sqq.,
250 3578 467 3676 Appiantnn
502 3578 551 3654 de
584 3581 627 3652 B.
660 3579 702 3655 C.
735 3580 842 3654 Libr.
859 3579 910 3655 ll.
937 3605 970 3656 c.
992 3580 1079 3657 112.
1099 3607 1179 3679 sqq.
1203 3584 1235 3652 et

99 3700 265 3776 Dionem
298 3696 401 3773 Cass.
435 3696 541 3771 Libr.
567 3697 706 3772 XLIV.
741 3725 773 3773 c.
796 3700 857 3773 14.
884 3706 1232 3788 commemorantur,

101 3842 236 3892 eortnn
261 3817 426 3890 indicem
452 3816 613 3891 confecit
640 3815 1231 3893 casa1u›0nusincomme11t.ad

100 3932 260 4010 Sueten.
279 3933 367 4007 Vol.
377 3933 448 4008 111.
467 3962 505 4032 p.
517 3937 673 4033 212.sq.
692 3938 752 4010 ed.
769 3936 847 4009 Ws.
899 3935 1000 4011 Etmn
1024 3935 1091 4013 hio
1116 3959 1231 4013 omen·

100 4052 283 4128 datiorem
306 4053 596 4154 plenioremque
622 4055 816 4130 dabimust
894 4106 904 4125 .

183 4327 238 4395 ³7)
259 4321 385 4403 Recepi,
408 4328 530 4391 sublatis
551 4330 648 4404 uncis,
671 4328 796 4388 divinam
817 4348 935 4403 prorsus
956 4326 1032 4388 Aldi
1052 4327 1175 4406 Nepotis
1192 4338 1235 4389 ant

95 4398 217 4465 Putant
247 4412 438 4485 conjecturam
460 4417 598 4491 primus,
639 4415 714 4492 qnod
745 4414 862 4490 quidem
892 4414 1012 4473 verbum
1041 4437 1059 4476 a
1088 4414 1234 4477 Codioeet

93 4484 173 4553 Edit.
194 4510 244 4566 pr.
264 4493 355 4554 obest.
407 4498 492 4559 Hane
520 4499 748 4563 emendationem
765 4498 956 4561 Ruhnkenius
975 4518 1044 4561 vere
1066 4504 1166 4563 statuit
1184 4511 1234 4559 tum

93 4584 261 4727 met
288 4581 471 4659 perspicuam
497 4604 584 4665 esse,
621 4596 654 4647 ut
683 4589 746 4649 siue
774 4598 893 4664 stupore
923 4586 974 4648 rix
1000 4584 1129 4651 dubitari
1157 4603 1234 4667 pout
