2686 5236
139 673 229 753 1⁵2·
497 697 547 747 ou
574 698 611 749 ι.
626 695 754 749 vuaso
779 696 924 747 romu.

20 936 23 941 .
137 854 371 943 induxerat?
404 865 445 938 ot
468 859 503 935 si
526 882 573 937 ea
597 858 766 936 earmina
789 882 892 935 auno
916 856 963 933 U.
979 855 1024 933 G.
1039 855 1155 953 715„
1179 865 1287 958 post·

137 1005 256 1081 qurum
280 1004 411 1055 seeum
435 979 714 1054 eommunioata
731 976 1070 1074 nantelmo,
1095 976 1286 1054 eoam

137 1099 354 1200 Sophocleo
388 1098 506 1200 digua-
534 1098 807 1197 appellaverat,
836 1096 926 1172 sive
958 1119 1096 1171 eonem
1120 1096 1286 1173 admira·

136 1217 244 1294 tione
268 1220 471 1316 abreptus,
505 1216 588 1293 sive
612 1216 707 1319 grati
729 1216 772 1291 iu
796 1221 1002 1314 patronum
1025 1215 1146 1291 animi
1170 1240 1304 1300 sensu,

138 1332 307 1421 ductu?
332 1336 546 1433 Utoumapua
571 1344 649 1430 est,
674 1334 716 1408 id
740 1334 837 1409 mihi
860 1357 982 1433 paene
1006 1346 1155 1411 eoraun
1179 1335 1288 1413 vide-

137 1462 222 1550 tur,
262 1455 477 1556 tragoedias
509 1453 691 1530 Pollionis
727 1451 795 1529 itto
829 1460 1006 1552 tompore
1038 1455 1216 1530 nondum
1246 1454 1292 1528 iu·

137 1575 275 1677 sudgus
301 1573 463 1667 exiisse,
495 1574 639 1647 nedunn
669 1571 713 1646 iu
736 1570 891 1647 urlsitun
916 1570 1153 1647 Venetanun
1179 1572 1285 1649 thas·

138 1693 208 1769 tris
232 1693 341 1767 datas
365 1716 471 1787 esse,
497 1691 640 1789 alioqui
664 1689 846 1791 Virgilius
869 1690 1037 1767 seribere
1060 1716 1146 1767 non
1171 1700 1285 1793 potu·

138 1811 231 1887 isset
264 1819 306 1885 at
339 1818 492 1910 optare,
532 1819 577 1884 ut
612 1808 685 1883 sihi
709 1808 913 1906 ati‹1uando
936 1810 1067 1886 lioarat
1091 1810 1161 1885 ilia
1187 1808 1286 1887 ferra

138 1936 263 2005 totum
287 1953 360 2030 per
384 1930 533 2004 orbem.
583 1928 682 2003 Rem
705 1926 739 2002 si
763 1928 944 2004 uuuiversa
968 1934 1207 2029 speotamus,
1232 1936 1287 2004 est

139 2070 232 2123 sane
255 2049 359 2144 quod
384 2048 621 2140 duddtemus,
647 2071 742 2121 nram
763 2047 885 2122 Pollio
909 2072 1095 2148 tmtqtlam
1117 2070 1169 2125 eo
1195 2072 1288 2125 oon·

139 2167 225 2241 silio
250 2166 474 2266 tragoedias·
496 2166 709 2264 scripserit,
747 2173 792 2239 ut
816 2166 969 2266 puhlioe
992 2166 1035 2242 in
1058 2190 1177 2243 saeua
1200 2191 1287 2270 age-

139 2292 284 2359 rantur.
336 2283 517 2359 Vironuu
545 2285 744 2359 dootorumu
767 2287 957 2361 eadere
982 2288 1193 2363 sententiaa
1218 2310 1287 2366 ve·

139 2404 343 2479 hamouter
366 2401 560 2501 hodieque
578 2403 791 2502 discrepant
815 2411 854 2478 et
870 2405 1032 2481 adversa
1045 2403 1174 2482 fronte
1187 2406 1287 2481 intar

140 2545 184 2597 se
207 2527 432 2623 repugnant.
484 2522 558 2614 Qui
574 2520 757 2599 Pollionis
782 2523 995 2624 tragoedias
1019 2524 1062 2597 in
1088 2524 1287 2627 soena'agi

126 2642 360 2717 ‘solitasesse
374 2639 575 2736 affirmant,
594 2666 729 2717 eorum
738 2640 924 2717 sententia
931 2642 1072 2716 nudhus
1084 2644 1162 2717 uisi
1175 2644 1287 2717 unius

139 2760 316 2833 irruitituu
339 2760 486 2835 Horatii
511 2761 596 2835 looo
622 2759 730 2836 Lihr.
745 2760 797 2835 11.
831 2758 908 2835 0d.
930 2762 966 2837 1.
991 2785 1031 2838 v.
1047 2762 1107 2836 as
1135 2762 1289 2854 „Pani-

141 2879 224 2952 lam
257 2903 416 2954 savem
446 2882 568 2954 Mum
602 2877 832 2975 tragoedum
863 2877 963 2953 desit
994 2879 1162 2956 theatris
1195 2882 1235 2955 h.
1253 2903 1288 2955 e.

140 2998 273 3072 omitte
300 2998 468 3070 studiuun
494 2997 781 3071 scribendas-aun
805 2998 1104 3099 tragoediarum,
1132 3023 1234 3098 (prae
1249 3000 1289 3073 iu

140 3116 298 3189 theatris
333 3122 509 3215 agantur,
551 3117 751 3214 tantisper,
794 3117 908 3208 dum,
951 3119 1056 3215 qaum]
1087 3116 1288 3210 inchoasti,

141 3232 364 3307 historiosun
382 3234 431 3306 de
445 3232 555 3307 bellis
572 3234 744 3311 civilibus
760 3259 857 3333 opus
872 3235 1131 3333 per-texueris.
1171 3234 1287 3336 Cujus

141 3351 349 3426 testimonii
382 3353 442 3428 vis
474 3361 616 3450 quanta
640 3354 712 3427 hao
736 3353 779 3427 iu
805 3378 937 3428 caussa
962 3355 1031 3450 sit,
1074 3379 1156 3430 nou
1180 3356 1288 3455 prius

139 3468 280 3566 poterit
303 3478 410 3543 recta
435 3472 647 3562 aestimari,
685 3495 802 3570 (paam
836 3472 1080 3571 exploratum
1104 3474 1177 3571 sit,
1212 3498 1289 3573 quo

141 3586 294 3661 oiroiter
318 3594 491 3687 tempore
514 3590 580 3663 itia
605 3592 653 3663 ab
670 3589 828 3665 Horatio
843 3591 982 3690 scripta
995 3591 1147 3669 fiuant.
1190 3590 1288 3689 Jam,

141 3728 239 3802 qauae
274 3706 475 3802 Daoerius,
515 3707 741 3783 hutilissimis
775 3733 867 3782 trstts
900 3710 1129 3805 ratiouihru,
1169 3736 1218 3787 aa
1243 3712 1289 3786 de

140 3846 184 3897 ra
224 3823 418 3919 dinanuo
464 3851 511 3902 ea
552 3850 669 3925 qnam
703 3827 929 3921 ἀνιστορήτως
968 3829 1161 3929 dispariata
1203 3830 1288 3923 sini,

141 3942 232 4016 satis
258 3945 422 4019 ostendit
437 3944 636 4021 Massonus
660 3944 703 4020 iu
720 3946 794 4021 vit.
811 3947 942 4023 Horat.
959 3949 1008 4023 ad
1024 3972 1060 4023 a.
1076 3948 1124 4024 U.
1141 3948 1187 4025 G.
1204 3949 1287 4025 715.

141 4062 228 4150 §.h
255 4088 294 4160 p.
311 4062 518 4138 91-107.
570 4063 639 4140 Illo
665 4066 769 4139 enim
794 4067 1009 4160 contendit,
1040 4067 1141 4144 hano
1168 4066 1289 4143 odom

139 4178 360 4277 inseriptam
399 4205 484 4255 osse
523 4179 686 4258 Pollioni
727 4182 848 4258 iasoes
892 4184 1109 4260 oousulares
1142 4185 1288 4288 gerenti

140 4294 180 4371 h.
199 4321 235 4371 a.
260 4322 361 4374 anuo
380 4301 425 4374 U.
443 4300 484 4374 G.
503 4303 594 4377 714.
644 4303 697 4376 At
720 4301 761 4375 iu
780 4300 955 4377 ooniesso
974 4310 1054 4398 est,
1080 4326 1171 4379 eam
1185 4328 1288 4381 oom-

139 4415 304 4513 positam
328 4441 412 4494 essa
436 4427 526 4518 post
543 4420 723 4496 Pollionis
748 4422 798 4494 de
825 4420 1016 4496 Parthinis
1040 4423 1288 4524 triumphem,

141 4555 259 4645 quam
293 4544 422 4611 autum
454 4560 537 4613 esse
568 4563 604 4613 a·
637 4540 675 4615 d.
709 4539 817 4615 vffl.
841 4539 932 4615 Kal.
956 4539 1168 4617 Novembr.
1195 4566 1232 4620 a.
1248 4540 1290 4617 U.

141 4648 185 4725 C.
211 4650 301 4727 715.
334 4660 519 4730 testantur
552 4657 651 4735 Fasti
686 4658 906 4761 Capitolinis
949 4657 998 4735 oi.
1031 4660 1207 4757 Hayuius
1244 4658 1290 4738 ad

139 4770 271 4875 virgin
287 4772 363 4849 vit
379 4794 451 4876 par
464 4797 586 4874 anuos
610 4779 687 4889 dig.
712 4802 749 4857 a.
765 4776 813 4856 11.
831 4775 983 4888 (1.715.
999 4786 1041 4855 et
1057 4779 1290 4859 Ther-beaks
