2670 5294
459 236 508 285 on
537 237 671 286 GAssw
701 236 921 287 saunensi.
1198 221 1270 292 199

118 396 359 493 „Transtsdit
399 396 546 474 crimen
581 397 732 475 Cassius
773 397 955 479 Severus.
1020 400 1136 498 Nam,
1181 428 1269 479 oum

118 513 390 618 objurgaretur
412 542 438 592 a
462 526 658 617 praetore,
685 520 791 619 quod
815 520 990 598 advocati
1005 518 1087 623 ejus
1101 522 1148 597 L.
1167 523 1268 600 Varo

117 634 309 736 Epidires»
323 634 498 713 essoris
514 638 638 715 amico
658 639 874 717 convicimn
892 638 1087 731 fecissent3
1112 642 1266 734 Nescio,

114 755 266 855 inquit,
293 754 364 856 qui
375 754 590 832 conviciati
608 757 710 834 dots
736 771 773 833 et
787 772 907 859 puto,
933 758 1079 834 Stoicos
1085 760 1266 859 ficissef‘

117 871 362 975 Spaldingio,
396 899 506 950 suam
532 874 790 978 conjecturam
814 879 856 952 in
879 878 1045 954 Praefat.
1071 881 1120 953 ad
1146 879 1265 973 Quin·

116 992 240 1066 tiliani
264 991 352 1068 Vol.
369 992 421 1068 Π.
447 1021 486 1094 p.
505 995 592 1070 VII.
619 997 809 1097 copiosius
843 999 1073 1098 exponenti,
1108 999 1266 1074 accessit

87 1108 243 1211 'nuper
273 1110 454 1210 Meyerus
483 1092 527 1188 in
560 1113 684 1192 Oratt.
718 1117 830 1193 Rom.
863 1116 1013 1220 Fragm.
1045 1145 1086 1217 p.
1110 1120 1198 1193 228.
1225 1125 1264 1192 et

113 1230 281 1327 videsis,
325 1256 425 1332 quae
466 1256 537 1336 ego
576 1260 693 1335 supra
735 1236 894 1311 disserui
928 1239 977 1311 ad
1010 1236 1263 1313 commentat.

116 1352 166 1424 de
189 1350 241 1425 L.
264 1351 391 1429 Vario
415 1356 538 1428 Poeta
562 1354 602 1428 in
619 1353 784 1430 Excurs.
803 1355 835 1429 Ι.
860 1383 900 1456 p.
928 1357 1014 1431 130.
1033 1382 1091 1456 sq.
1143 1357 1262 1450 Quin-

113 1469 247 1543 tiliano
271 1468 364 1545 lost.
391 1469 461 1546 Or.
486 1470 596 1547 Libr.
619 1470 690 1547 ΧΙ.
716 1497 751 1548 c.
769 1476 805 1548 l.
830 1484 863 1565 ὁ.
884 1474 946 1549 57.
972 1476 1022 1549 ob
1049 1474 1263 1550 confessam

113 1589 317 1663 acemandi
332 1590 567 1691 voluptatem
592 1616 672 1667 non
697 1593 939 1669 mediocriter
964 1593 1155 1692 displicuit
1170 1592 1262 1667 Cas·

112 1707 245 1782 sianao
258 1707 361 1785 illius
377 1712 623 1787 accusationis
642 1712 868 1788 exordium:
893 1711 1000 1807 „Dii
1011 1710 1120 1803 boni,
1147 1711 1260 1787 vivo:

111 1838 163 1922 et,
191 1851 268 1928 pue
283 1853 346 1902 ese
362 1828 495 1906 vivere
503 1831 630 1927 juvet,
654 1830 920 1934 Asprenatem
935 1857 1047 1908 reum
1058 1829 1261 1929 video¹⁰).“

636 2035 733 2129 bb.

217 2206 455 2306 Quanquam
487 2204 638 2282 Cassius
671 2203 837 2286 Severus
870 2206 1037 2284 Nouium
1069 2207 1260 2308 Asprena-

108 2332 214 2419 tem,
238 2324 437 2403 hominem
461 2333 654 2426 potentem
680 2334 720 2400 et
735 2326 909 2429 Augusto
933 2327 1050 2403 artius
1074 2322 1259 2428 junctum,

108 2444 233 2519 madia
258 2468 346 2519 cum
359 2445 537 2520 libertate
553 2453 593 2520 et
609 2446 813 2521 acerbitate
828 2469 938 2521 reum
955 2453 1106 2546 egerat3
1131 2453 1260 2521 tamcm

109 2586 158 2638 ea
184 2565 372 2639 aestuatio
398 2563 492 2639 nibil
518 2564 647 2640 damni
677 2564 958 2640 incommodius
984 2563 1021 2639 ei
1047 2564 1193 2658 attudit,
1226 2563 1259 2640 si

109 2678 207 2756 fides
238 2690 298 2756 est
328 2682 444 2758 Dioni
477 2681 606 2757 Cassio
632 2682 740 2758 Libr.
757 2682 841 2758 LV.
867 2707 901 2758 c.
921 2683 961 2758 4.
1010 2680 1107 2758 Nam
1130 2681 1259 2785 Augu·

110 2808 195 2875 stus
225 2826 306 2876 non
336 2803 452 2877 modo
484 2803 593 2877 nulla
628 2826 720 2878 eum
752 2802 811 2878 ira
834 2810 919 2877 tum
942 2808 1161 2902 persecutus
1186 2808 1257 2895 est,

110 2920 181 2995 sed
206 2921 384 2995 eumdem
409 2921 526 2996 etiam
550 2946 704 2996 morum
730 2946 861 2997 caussa
885 2946 996 2996 reum
1021 2918 1164 2994 lacuum
1188 2921 1257 2996 ab·

109 3036 239 3114 solvit.
300 3036 448 3117 Verum
478 3047 608 3115 tamen
640 3063 729 3115 cum
758 3041 833 3116 iste
866 3064 946 3115 non
973 3045 1122 3114 tantum
1146 3063 1257 3115 accu-

109 3157 222 3233 sandi
243 3156 402 3235 libidine
426 3159 567 3234 multos
592 3159 775 3255 violaret,
802 3161 871 3236 sed
896 3159 1011 3234 etiam
1034 3158 1257 3258 procacibus

108 3275 262 3377 scriptis
285 3277 390 3354 viros
415 3276 652 3377 feminasque
678 3278 848 3352 illustres
873 3274 1103 3368 diffamaret,
1128 3277 1258 3375 Augu·

108 3403 215 3490 sau,
256 3396 429 3497 quamvis
452 3396 556 3497 ipse,
595 3405 640 3471 ut
664 3421 718 3472 ex
743 3389 934 3472 Suetonio
956 3418 989 3470 c.
1015 3393 1078 3468 55.
1103 3392 1256 3487 scimus,

107 3538 262 3617 sparsos
288 3517 337 3590 de
362 3540 404 3591 se
428 3514 576 3591 libellos
592 3541 717 3617 neque
733 3520 1006 3615 expavesceret
1030 3535 1103 3587 neo
1119 3534 1256 3613 magna

107 3658 200 3710 cum
224 3657 316 3710 esua
331 3636 600 3736 redargueret,
625 3661 706 3711 non
721 3641 872 3735 poterat
888 3632 984 3731 quin
1001 3630 1256 3732 cognitionem

106 3752 159 3829 de
181 3750 338 3829 famosis
358 3754 497 3831 libellis
521 3761 724 3851 metuet,
758 3742 885 3854 speeie
909 3749 1049 3847 veteris
1074 3748 1175 3823 illius
1198 3748 1256 3824 le·

104 3871 186 3974 gis,
223 3873 274 3947 de
305 3896 384 3972 qua
416 3873 518 3948 dixit
550 3872 683 3951 Cicero
709 3874 758 3949 de
782 3870 945 3971 Republ.
969 3867 1078 3944 Libr.
1095 3865 1164 3941 IV.
1193 3868 1254 3943 10.

105 4016 149 4092 p.
164 3990 257 4069 436.
281 3992 344 4067 ed.
369 3990 509 4069 Moser.
559 3992 607 4068 Id
630 3994 842 4097 Augustum
865 3990 1033 4090 primum
1049 3987 1254 4064 instituisse

107 4105 229 4186 cassii
242 4107 380 4187 Severi
393 4112 550 4188 libidine
565 4123 820 4209 commotum,
844 4110 1044 4213 perspicue
1060 4117 1255 4186 attestatur

196 4352 254 4432 ¹0)
278 4348 419 4416 contem
440 4351 566 4418 Excute.
582 4351 608 4416 l.
