2670 5294
419 282 469 333 on
496 283 532 333 ι.
551 283 676 339 virro
705 283 850 335 roem.
1150 262 1203 334 89

53 456 171 547 atqie
198 448 518 543 enrbesoendam,
543 448 608 525 hio
630 472 704 547 per
726 454 856 548 partes
877 447 1003 524 eundo
1029 454 1203 525 anourate

52 569 359 669 permutandam
383 569 500 661 illino,
529 575 592 662 ut,
626 568 721 667 quid
745 575 1010 666 quantumque
1033 570 1117 644 veri
1141 569 1204 643 in·

53 688 122 783 sit,
146 696 333 787 patescat.
384 687 528 780 Quotlsi
553 688 642 761 inde
661 686 809 789 Virgilii
833 687 1015 786 Variique
1032 688 1133 764 vitae
1158 712 1203 764 ao

52 808 230 883 moribus
263 806 434 881 mamilae
474 807 568 903 quid
601 809 867 909 adspergatnr,
911 832 992 882 non
1026 807 1117 881 ideo
1141 806 1205 881 fn-

51 926 193 1029 gienda
226 934 284 1001 est
317 950 363 1001 ea
397 927 590 1023 quaestio,
625 950 698 1002 neo
729 928 1053 1027 pertimescenda,
1086 950 1204 1026 (pram

52 1047 168 1121 smine
200 1045 496 1146 investigamus,
521 1046 685 1140 veritas,
719 1047 893 1144 spamus
917 1046 1066 1147 ingrata
1091 1047 1203 1121 nobis

37 1150 103 1239 'sit
128 1172 172 1239 et
197 1172 377 1241 anostra
402 1166 590 1240 sentiendi
606 1166 756 1240 ratione
770 1166 882 1266 longe
894 1167 1071 1241 discedat.
1107 1166 1203 1240 Nam

50 1282 227 1383 prolecto
262 1284 330 1382 qui
364 1280 551 1384 ejusmodi
585 1309 649 1360 res
685 1309 708 1359 a
743 1283 1007 1359 Grammaticis
1047 1286 1203 1359 traditas

50 1400 253 1477 fastidiose
293 1412 500 1501 spernunt,
542 1412 582 1478 et
622 1400 756 1505 judieii
798 1405 963 1501 (quadam
1005 1405 1205 1479 severitate

51 1522 187 1597 neseio
221 1522 346 1597 dicam
378 1546 427 1596 an
452 1524 606 1599 levitate
639 1548 711 1623 pro
737 1523 855 1597 meris
879 1522 1080 1597 hominum
1103 1524 1205 1597 male

53 1640 283 1716 leriatonmr
315 1641 473 1717 somniis
513 1644 703 1743 rugisque
742 1640 905 1734 habent,
948 1641 1006 1715 illi
1038 1642 1205 1735 videant,

54 1760 152 1859 quid
178 1762 334 1835 tandem
355 1762 422 1835 fiat
446 1762 568 1837 veteri
591 1762 784 1836 historiae.
837 1760 979 1836 Contra
1003 1760 1077 1835 hoo
1094 1761 1205 1835 Viro-

54 1904 145 1953 rum
184 1882 437 1979 quonnnilam
472 1883 680 1956 Doctorum
719 1879 913 1955 fastidium
956 1905 1036 1954 non
1076 1881 1204 1955 minus

55 2000 208 2074 erudite
241 2024 358 2098 quam
389 2000 517 2073 sobrie
549 2001 755 2097 disputavit
787 2001 851 2073 Fr.
874 2000 918 2075 A.
938 1998 986 2074 G.
1011 1998 1205 2097 Spolmius

54 2117 95 2191 in
118 2118 408 2220 Prolegomenis
434 2119 481 2191 acl
498 2118 676 2193 Buooliea
692 2117 844 2218 Virgilii
868 2146 906 2217 p.
927 2121 990 2193 24.
1018 2118 1066 2191 Τ.
1084 2118 1116 2191 Ι.
1142 2119 1204 2191 ed.

54 2236 237 2338 Wagner.
297 2236 422 2335 Atque
454 2232 567 2337 hujus
600 2238 710 2311 amici
743 2239 936 2335 <quondam
968 2236 1046 2310 mei
1072 2260 1205 2310 exem-

54 2356 165 2455 plmn
189 2362 339 2431 seminis
368 2357 534 2450 cordio,
560 2382 611 2431 ne
636 2356 773 2430 hocin
798 2380 842 2430 re
868 2356 1103 2453 exploranda
1125 2380 1206 2429 non

55 2486 136 2549 tam
153 2498 287 2552 veram
304 2474 539 2573 antiquitatis
558 2475 728 2550 indolem
744 2475 978 2574 explicasse,
1005 2496 1121 2571 quam
1144 2473 1205 2545 in-

55 2595 160 2699 genii
174 2595 255 2669 mei
271 2592 449 2697 figmenta
464 2596 776 2693 opinationesque
790 2592 993 2693 protulisse
1012 2615 1206 2692 coarguar.

160 2714 250 2791 lam
286 2716 457 2814 primum
489 2715 653 2788 dubitari
686 2714 821 2813 nequit
855 2712 950 2812 quin
985 2712 1086 2810 apud
1112 2709 1207 2785 Ser-

56 2836 164 2911 vium
200 2857 246 2909 ao
274 2832 468 2908 Donatum
500 2831 549 2908 de
580 2832 630 2907 L.
654 2832 770 2908 Vario
795 2833 912 2906 Poeta
938 2854 1066 2905 senno
1093 2829 1205 2925 sit⁷³).

56 2956 134 3031 lieo
143 2954 267 3055 magis
280 2953 501 3054 ambiguum
509 2953 687 3051 utiquam
701 2952 962 3049 incertumque
978 2974 1061 3027 esse
1068 2956 1206 3047 potest,

55 3086 192 3151 atrum
216 3072 274 3147 illi
296 3094 413 3145 unam
439 3073 693 3169 eamdemque
726 3070 908 3145 feminam
931 3069 1205 3163 intellexerint,

57 3218 128 3269 neo
153 3216 220 3267 ne.
271 3191 439 3291 Uterque
465 3196 740 3265 commemorat
763 3214 927 3264 uxorem
952 3188 1076 3263 Variis
1112 3185 1206 3262 Ser-

58 3313 143 3389 vius
168 3334 259 3387 eam
282 3311 373 3385 dicit
396 3310 514 3385 luisse
529 3308 857 3403 litteratissimam,
883 3308 952 3382 sod
968 3304 1050 3407 ejus
1064 3329 1206 3379 nomen

61 3432 216 3523 retioet3
259 3454 284 3504 a
315 3430 466 3506 Donato
509 3428 725 3529 appellatm
754 3425 886 3500 Plotia
917 3424 1073 3501 Hieria.
1130 3422 1207 3498 Pro

66 3548 204 3625 Hieria
236 3549 330 3626 olim
362 3573 386 3625 a
417 3549 575 3624 Daniele
609 3549 757 3623 editum
790 3554 872 3621 erat
902 3542 1066 3621 Aleriae
1108 3563 1207 3641 quae

69 3669 227 3743 nominis
252 3670 436 3769 scriptura
459 3670 584 3745 videri
608 3677 735 3767 potest
768 3666 935 3763 aliquam
961 3661 1207 3738 commenda·

74 3786 205 3865 tionem
229 3788 373 3865 habere
397 3814 422 3865 a
446 3787 584 3866 Servio
617 3788 668 3862 ad
691 3784 842 3889 Virgilii
865 3781 998 3883 Eulog.
1012 3780 1064 3854 Π.
1089 3804 1127 3856 v.
1145 3778 1206 3855 15.

80 3958 272 3981 ..ψ-

148 4068 204 4135 73)
232 4056 269 4121 ln
297 4060 398 4123 erilem
424 4062 567 4124 sententis
594 4062 681 4123 etiam
709 4068 754 4122 est
774 4056 862 4121 livor.
884 4054 957 4119 ooo
978 4052 1015 4117 ‹le
1036 4051 1072 4117 Ρ.
1094 4050 1208 4115 Alfeno

10 4182 15 4223 :
87 4130 148 4207 Vtro
171 4143 235 4209 leto
262 4142 415 4225 cnu'ln.
443 4148 472 4226 §.
493 4153 526 4211 ὁ.
553 4150 584 4208 io
611 4146 754 4209 Thana.
785 4144 850 4207 lar.
879 4142 967 4206 Rom.
994 4139 1083 4204 'l'onr-
1102 4137 1145 4201 V.
1174 4160 1206 4217 p.

90 4228 159 4295 lllti.
173 4254 219 4312 sq.
261 4230 295 4295 ln
315 4254 382 4295 enni
401 4235 492 4295 mnlta
513 4236 588 4314 alia,
619 4253 695 4310 qnae
714 4242 845 4309 apertum
864 4241 911 4291 est
931 4227 971 4291 L.
991 4224 1079 4289 Varii
1100 4222 1209 4286 Poetae

90 4322 148 4387 Μ.
180 4340 237 4382 sno
263 4320 374 4384 Alieno
399 4320 575 4381 vindicatum
603 4320 705 4396 iverit3
741 4319 827 4378 istius
855 4327 951 4377 tamen
984 4311 1209 4374 litteratissime

10 4416 23 4463 ῑ
90 4394 1093 4487 Ηαιοιιιίωροοω,ἆοῳοιςίωω,ΐπίικοωοοᾶἰι
