2686 5236
158 648 235 725 308
508 668 558 721 os
585 670 723 724 casoro
748 670 972 735 raumara

160 834 316 935 ‹lorpius
349 834 390 907 in
426 832 568 911 Onom.
604 861 643 934 p.
667 832 755 909 571.
786 790 890 911 hune
921 836 1084 911 Horatii·
1104 834 1293 915 amictam

161 954 320 1030 caeteris
353 950 505 1027 Manliis
541 954 748 1053 Tonpratis
773 948 940 1054 sejungit
975 961 1018 1030 ot
1043 958 1122 1029 sub
1148 956 1294 1057 Angusto

161 1098 250 1148 oum
276 1072 421 1149 vixisse
446 1074 619 1164 abrotat,
655 1071 800 1146 seilicet
826 1072 943 1146 unius
969 1073 1126 1147 Horatii
1150 1075 1295 1149 tostino·

161 1193 269 1267 nium
295 1198 458 1266 secutio.
518 1191 660 1266 Vermn
685 1190 789 1264 enim
814 1213 910 1265 vero
940 1191 1040 1289 quid
1069 1193 1225 1268 tandem
1244 1202 1295 1287 est,

161 1312 265 1409 quod
301 1334 371 1384 uos
405 1309 593 1408 impellat,
638 1317 682 1381 ut
712 1308 816 1383 braic
848 1308 1102 1407 Torquatum
1135 1335 1189 1387 ex
1209 1320 1297 1414 gena

162 1429 303 1504 Mauba
335 1428 451 1502 tuisse
485 1421 714 1503 credamus?
757 1424 856 1501 Num
881 1427 1161 1527 inscriptiones
1185 1430 1297 1505 carnii·

163 1574 258 1622 utrm
283 1547 574 1621 Horatianouun
604 1546 648 1618 in
682 1545 802 1621 Godd.
828 1544 933 1618 Mstis
959 1544 1176 1645 repertae?
1221 1549 1298 1625 Tor·

164 1667 309 1742 rentius
337 1663 723 1764 etVanderbourgius
747 1663 861 1738 Tom.
878 1663 947 1736 111.
974 1691 1016 1765 p.
1038 1663 1134 1743 597.
1160 1668 1203 1742 in
1224 1692 1297 1743 nou·

165 1786 280 1861 uubis
306 1808 463 1858 suonrm
479 1781 665 1858 Codicum
689 1782 821 1880 utique
844 1782 1084 1859 invenerunt
1098 1785 1296 1863 bunc0dss

165 1905 339 1978 titulum:
381 1901 452 1976 Ad
486 1900 685 1975 Manlium
715 1903 964 2000 Torquatum
998 1903 1089 1980 sivo
1117 1904 1296 1991 Mallium

166 2024 207 2097 iu
232 2021 407 2121 plurimis
421 2028 550 2095 autem
565 2018 807 2119 simplicitere
834 2018 904 2093 Aa
924 2023 1193 2122 Torquatum.
1223 2023 1296 2098 Nan

167 2142 233 2240 qui
258 2164 281 2215 a
306 2140 384 2213 Fea
409 2139 646 2238 praepositus
670 2146 729 2214 ost
745 2137 854 2213 Odaa
868 2139 1021 2214 titulus:
1049 2142 1127 2217 Aa
1146 2140 1319 2217 [ΛΜΨ

165 2258 266 2334 lium
296 2261 560 2358 Torquatum
595 2280 685 2333 eum
709 2257 818 2332 nubo
845 2257 963 2332 Godd.
990 2261 1217 2337 testimonio
1235 2260 1296 2352 uiti,

166 2377 285 2477 ipsius
311 2376 410 2451 Feae
436 2376 628 2450 silentium
653 2375 790 2478 argunt,
840 2376 925 2452 Jam
943 2374 1091 2453 barum
1106 2380 1297 2481 inscriptio·

167 2520 262 2570 num
277 2497 420 2569 nullam
438 2495 552 2594 plane
570 2517 614 2569 aa
630 2495 670 2567 in
688 2516 732 2568 te
747 2517 832 2567 esse
849 2496 1143 2593 auctoritatem,
1171 2525 1246 2575 non
1259 2502 1297 2573 ct

168 2616 272 2714 quod
291 2639 482 2689 moneam.
508 2614 619 2688 Adde
633 2610 865 2687 Scholiastas
882 2621 1050 2709 veteres,
1079 2618 1185 2692 baud
1198 2618 1297 2692 futiles
1337 2622 1339 2651 ⁵

168 2759 214 2809 ea
246 2734 286 2806 in
320 2758 450 2808 caussa
486 2740 622 2824 testes,
661 2730 848 2829 aquibus
875 2734 1058 2809 omnibus
1085 2738 1154 2812 ille
1180 2734 1298 2812 Horatii

167 2852 361 2928 familiaris
388 2877 466 2925 non
491 2849 669 2925 Manlius
698 2853 941 2950 Torquatus,
978 2855 1050 2926 scd
1086 2858 1195 2931 nudo
1223 2859 1298 2931 Tor·

168 2984 311 3073 quotus
344 2972 573 3044 nominatur.
636 2969 755 3070 Igitur
786 2971 891 3044 ulula
920 2987 1086 3070 apparet
1112 2978 1235 3068 ratio,
1264 2971 1298 3047 ob

168 3115 283 3189 quam
309 3090 419 3164 nobis
446 3090 508 3164 bic
534 3090 582 3164 de
608 3088 762 3163 Μιηιῑίο
793 3091 996 3189 Torquato
1022 3096 1203 3191 (prodam
1227 3090 1299 3168 sati·

169 3232 267 3306 quae
300 3208 401 3280 illius
435 3206 560 3306 stirpis
593 3208 832 3308 cogitandum
856 3209 915 3281 sit.
975 3208 1023 3283 Et
1052 3214 1089 3286 si
1115 3215 1300 3289 <licendum

169 3334 229 3399 est
255 3328 357 3423 (prod
383 3327 526 3419 sentio,
562 3334 642 3400 tota
668 3326 951 3423 Torquatomm
977 3328 1044 3403 illa
1072 3330 1219 3406 familia
1238 3328 1301 3403 bel·

169 3443 294 3518 lorum
320 3444 488 3519 civilium
513 3444 749 3541 temporibus
782 3469 826 3519 ac
852 3448 1064 3522 calamitate
1090 3451 1192 3523 mitri
1215 3450 1302 3525 vide·

169 3571 233 3636 tur
259 3562 376 3636 fuisse
403 3563 600 3637 exstincta.
652 3563 822 3637 Primum
839 3565 942 3639 euim
962 3591 1100 3641 omnes
1124 3563 1301 3665 Tonputi,

171 3682 237 3780 qui
275 3705 298 3755 a
334 3680 516 3756 Cicerone
549 3689 832 3775 memorantur,
875 3692 1059 3758 steterant
1093 3709 1116 3759 a
1153 3686 1302 3786 partibo

170 3796 355 3899 Pompeji,
374 3808 413 3874 et
430 3799 581 3874 inrorant
594 3801 711 3898 partis
725 3801 890 3876 victricis
905 3804 1132 3878 adversarii.
1160 3804 1302 3890 Deinde,

169 3918 340 4017 Augusto
372 3927 577 4019 regnante,
623 3942 738 3993 nomo
772 3918 1002 3993 Manlianum
1032 3923 1303 4022 Torquatonun

168 4060 297 4134 neque
322 4060 344 4110 a
370 4038 616 4136 scriptoribus
641 4045 876 4113 memoratur
901 4063 1028 4137 neque
1054 4042 1098 4114 in
1123 4044 1206 4117 ullo
1222 4040 1304 4114 illius

170 4157 254 4229 aovi
280 4165 528 4230 monumento
554 4163 785 4231 memoratus
811 4159 999 4252 occurrit,
1035 4161 1104 4257 (pri
1131 4162 1236 4234 illam
1257 4156 1305 4230 fa-

169 4275 313 4347 miliam
348 4275 472 4348 adbuc
498 4275 710 4366 exstitisse,
753 4283 791 4350 et
816 4276 976 4376 Auguuti
1001 4279 1122 4377 gratia
1148 4278 1304 4354 flontse

169 4398 411 4466 contestetur.
462 4393 657 4491 Deniqre,
684 4394 723 4466 id
750 4396 854 4491 quod
876 4396 1051 4494 inprimis
1075 4398 1118 4470 iu
1144 4422 1231 4472 mea
1251 4414 1304 4468 mc

171 4507 368 4583 eonfinnat
405 4512 637 4609 suspicione,
680 4512 928 4589 vehementer
960 4516 1095 4591 dubito
1120 4542 1217 4591 num
1237 4514 1303 4587 aa

167 4633 299 4726 gustus
328 4629 497 4703 animum
534 4631 749 4705 induxisset
772 4632 896 4708 Nouio
930 4627 1134 4733 asprenati
1154 4633 1301 4736 ejusque

167 4745 330 4845 posteris
357 4747 554 4847 impertire
583 4750 780 4850 Torquati
810 4776 1046 4855 cognomen,
1085 4754 1118 4831 si
1144 4755 1240 4830 ullus
1258 4768 1297 4823 cx
