2670 5294
162 634 237 711 las
527 652 577 703 on
604 650 983 719 casaromaniana.

160 819 290 897 Cassio
308 816 454 895 Severo
471 814 539 891 illo
552 814 606 889 ita
622 812 801 913 loquitur,
825 821 870 888 ut
886 836 977 891 eum
995 814 1122 889 multo
1138 820 1227 889 ante
1241 812 1297 888 l'i·

114 950 116 955 '
160 940 309 1016 tellium
326 936 468 1013 vixisse
486 940 677 1033 appareat.
719 930 998 1024 „Vitelbbruru
1013 931 1224 1029 eruginem,
1248 934 1296 1007 in·

160 1060 262 1159 quit,
288 1054 363 1133 alii
383 1052 508 1128 olium
531 1064 568 1126 et
591 1051 747 1152 paridem
761 1050 1093 1145 diversrssr'mum,
1120 1055 1295 1127 traduat:

158 1176 310 1281 purtim
342 1185 508 1249 veterem
541 1183 578 1245 ot
610 1170 797 1264 nobilem,
833 1170 990 1271 purtim
1031 1197 1128 1247 vero
1161 1194 1296 1245 novun

160 1308 198 1373 et
237 1296 461 1386 obscurum,
504 1303 622 1390 utpue
664 1289 784 1365 etiarm
818 1290 1043 1366 sordidum:
1086 1292 1197 1391 quod
1237 1316 1294 1385 ega

156 1442 231 1519 per
271 1414 500 1489 adulatores
543 1411 887 1511 obtrectatoresque
929 1408 1192 1510 desperatoris
1236 1408 1293 1486 Vi·

159 1532 260 1609 tellit
282 1529 451 1606 even-isse
474 1528 681 1631 epularer,
706 1528 789 1605 ulai
809 1529 1012 1631 caliprmuto
1031 1528 1151 1629 proies
1166 1528 1217 1603 de
1226 1529 1293 1627 fn·

159 1651 292 1727 usitatae
324 1646 781 1749 conditioueouruaetum
813 1651 954 1724 esset.“
1016 1648 1171 1723 Deinde
1202 1672 1294 1723 eom

160 1777 372 1847 memorato
398 1770 443 1863 Q.
465 1768 617 1870 Eulogii
648 1763 843 1869 cujusdam
869 1770 918 1843 ad
942 1768 987 1862 Q.
1008 1767 1224 1860 Vitellium,
1255 1767 1294 1841 l).

161 1889 320 1992 Augusti
346 1890 596 1983 Quaesturam
620 1887 773 1981 libello,
805 1888 849 1962 in
872 1913 950 1987 quo
981 1887 1107 1990 gentis
1132 1886 1297 1961 Vitelliae

161 2016 328 2088 vetustas
354 2015 393 2083 at
416 2008 594 2083 nobilitas
620 2006 808 2081 declarata
833 2016 950 2100 esset,
984 2006 1129 2107 pergite
1166 2016 1296 2079 cosdro

156 2130 294 2230 plures
337 2138 537 2200 auctorem
572 2124 727 2221 geuen's
769 2124 989 2199 libertinum
1031 2123 1297 2225 prodidero-ru.

164 2244 324 2324 cassius
339 2249 515 2334 Severus,
541 2243 759 2319 trecasinus
775 2243 869 2336 alii,
895 2244 1059 2318 eundem
1076 2256 1115 2317 et
1135 2256 1298 2319 numeru

163 2362 537 2439 veteromeuturium
553 2390 605 2439 se.
621 2364 881 2463 prodidertmt.
914 2362 1100 2461 Apertum
1114 2369 1192 2457 est,
1218 2360 1299 2437 cae

160 2484 260 2559 siun
285 2480 475 2560 Sevennn
499 2508 522 2558 a
539 2482 726 2559 Suetonio
750 2507 829 2560 non
846 2482 1138 2557 eonnnemorari
1154 2490 1199 2555 ut
1216 2478 1300 2555 seri·

161 2610 334 2707 ptorem,
361 2603 428 2702 qui
452 2603 608 2677 Vitellio
634 2605 788 2675 demum
813 2610 964 2676 mortuo
989 2602 1085 2674 haee
1111 2599 1300 2675 tradiderit

162 2724 395 2815 memoriae,
435 2724 504 2797 sed
529 2721 596 2820 qui
619 2718 697 2822 jam
722 2721 814 2797 olim
840 2723 888 2795 de
906 2730 1018 2822 gente
1035 2720 1192 2794 Vitellia
1206 2716 1302 2819 ejus-

160 2868 238 2941 que
279 2842 438 2944 ignobili
478 2849 634 2915 auctore
668 2841 900 2939 exposuerit.
965 2840 1172 2914 Deelarare
1206 2839 1302 2913 enim

161 2962 303 3056 voluit,
345 2962 536 3059 aliquanto
568 2959 695 3059 prius,
739 2984 855 3059 qrram
894 2958 1069 3033 Vitellius
1093 2958 1305 3057 Imperator

160 3080 286 3173 fieret,
313 3081 360 3153 de
376 3078 540 3153 familiae
558 3078 774 3155 conditione
787 3079 977 3154 variatum
992 3101 1089 3153 esse.
1141 3076 1304 3153 Proinde

161 3197 207 3291 Q.
232 3197 437 3298 Eulogium
461 3196 627 3296 profert,
670 3197 737 3296 qui
760 3196 1000 3272 Vitelliorum
1024 3196 1213 3297 originem
1229 3219 1305 3269 no·

160 3316 278 3392 bilem
304 3341 406 3411 esse,
442 3324 483 3392 et
517 3316 688 3391 Cassium
714 3315 922 3410 Severum,
955 3316 1024 3415 qui
1057 3338 1145 3389 eam
1172 3316 1306 3390 obscu-

162 3460 246 3511 ram
276 3445 390 3535 atque
417 3437 532 3513 etiam
557 3436 751 3512 sordidam
780 3436 822 3509 in
847 3437 976 3535 aliquo
1000 3436 1101 3509 libro
1126 3434 1306 3534 prodide-

160 3561 240 3648 rat,
282 3563 488 3654 utrumque
522 3565 650 3631 autem
679 3555 791 3656 ponit
821 3563 1016 3654 tamquam
1042 3553 1248 3653 primarios
1270 3560 1308 3625 et

160 3674 441 3773 antiquissimos
467 3676 716 3774 discrepantis
750 3674 856 3750 istius
883 3674 1094 3750 sententiae
1118 3680 1306 3747 auctores.

160 3794 261 3869 Nihil
277 3795 393 3897 igitur
418 3796 542 3871 obstat
557 3819 635 3894 quo
658 3795 785 3869 minus
811 3795 920 3870 buno
931 3793 1104 3868 Cassium
1119 3790 1307 3869 Severum

162 3913 342 3989 iaciamus
376 3916 574 4011 aequalem
601 3913 845 4016 Q.E1dogii,
880 3938 996 4013 quem
1028 3912 1100 3988 aad)
1134 3912 1305 4012 Augusto

161 4034 302 4111 vixisse
316 4033 522 4125 Suetonius
548 4039 756 4108 attestatur.
806 4029 981 4134 Maffejm
1004 4034 1108 4107 huno
1133 4031 1176 4105 in
1204 4052 1305 4105 erro·

160 4176 245 4228 rem
276 4152 408 4229 incidit
440 4153 569 4251 paullo
605 4152 777 4251 cupidius
803 4154 852 4226 da
878 4151 1006 4226 Cassio
1031 4150 1215 4227 histor-iao
1240 4171 1304 4223 suo

161 4271 377 4371 disputans,
419 4297 492 4346 nee
524 4273 642 4368 vidit,
689 4272 743 4346 ita
777 4270 930 4345 detrudi
962 4270 1073 4343 illum
1104 4292 1230 4368 paene
1261 4265 1303 4341 ad

160 4396 324 4467 nahtam
346 4390 530 4467 Heremrii
554 4388 709 4485 Severi,
735 4390 801 4490 qui
816 4389 983 4463 Plinimn
998 4394 1202 4491 rogaverat
1215 4386 1303 4459 ima·

160 4506 269 4609 gines
302 4507 468 4586 Cornelii
500 4510 656 4610 Nepotis
697 4516 739 4584 et
772 4510 851 4585 Titi
884 4508 1016 4585 Cassii.
1085 4506 1184 4607 Quis
1216 4526 1303 4581 uero

162 4625 344 4701 credibile
369 4650 452 4704 esse
479 4631 602 4727 ‹ucat,
631 4629 865 4706 Heremrium
891 4627 1080 4704 Severum
1112 4621 1304 4727 scriptoris

22 4746 26 4751 '
162 4744 236 4819 sibi
267 4742 349 4823 fere
378 4748 548 4847 earpualis
580 4756 618 4824 et
651 4775 731 4827 non
763 4750 818 4826 ita
849 4748 941 4824 clari
973 4746 1183 4849 imagurem
1215 4740 1303 4819 anti
