2670 5294
161 697 241 779 258
523 719 574 774 or
599 720 738 775 casuro
761 718 985 774 rnrnrurr.

164 912 219 965 ex
251 884 433 978 Graecia,
474 891 519 959 ut
551 883 823 986 Wcsseliugins
857 892 1021 960 staturere
1055 883 1235 981 videtin,
1269 885 1304 959 iu

164 1007 314 1083 ltaliam
348 1005 541 1105 profectus
574 1012 651 1096 cst,
694 1013 739 1077 ut
765 1005 983 1103 planissime
1007 1005 1241 1103 perspicitur
1261 1027 1303 1078 cx

163 1126 379 1203 narratione
411 1148 540 1198 rerum
575 1125 675 1221 apud
709 1124 955 1199 Plutarchum
986 1125 1031 1197 in
1066 1125 1151 1195 lit.
1176 1124 1301 1197 Autou.

165 1272 200 1322 c.
226 1249 289 1321 73.
322 1251 361 1317 et
395 1244 458 1316 74.
500 1251 539 1315 ct
574 1244 676 1340 apud
709 1242 875 1316 Diouem
909 1242 1081 1317 Cassium
1117 1240 1226 1315 Lihr.
1247 1240 1299 1313 hl.

166 1391 200 1440 c.
219 1365 256 1439 4.
307 1360 551 1435 Brurulisium
575 1384 665 1433 curu
691 1362 941 1458 pervenisset,
967 1385 1046 1434 nou
1072 1368 1136 1435 est
1159 1360 1300 1435 ulterin

164 1507 406 1584 progressus,
441 1481 530 1571 seul,
574 1481 738 1551 tumnultu
768 1479 929 1552 militnm
956 1504 1145 1578 prospere
1170 1481 1297 1570 sedato,

164 1602 378 1704 trigesimo,
423 1622 539 1695 qurum
570 1605 748 1690 venerat,
797 1598 858 1671 ‹lie
892 1622 1071 1672 reversus
1107 1605 1186 1692 est,
1222 1624 1295 1688 non,

164 1729 208 1797 ut
240 1717 511 1817 Wessolingius
544 1716 615 1805 ait,
657 1717 698 1789 iu
733 1715 954 1809 Graeciam,
996 1719 1066 1792 sed
1091 1740 1167 1817 per
1192 1716 1295 1793 Grae·

167 1840 286 1933 ciam,
323 1845 363 1910 et
394 1835 584 1909 translatis
619 1843 778 1933 propter
815 1834 981 1909 hiemem
1014 1858 1089 1934 per
1122 1836 1295 1911 Isthmum

166 1956 449 2034 Corinthiacum
489 1954 668 2045 nauibus,
712 1962 817 2027 recta
856 1953 896 2027 iu
931 1954 1058 2029 Asiam
1102 1956 1294 2045 contendit,

163 2086 268 2153 tauta
301 2076 344 2148 in
378 2074 482 2148 omni
516 2073 589 2148 hoc
621 2073 771 2172 nogotio
797 2098 889 2146 arsin
915 2075 1128 2168 celeritate,
1167 2084 1213 2148 nt
1235 2075 1293 2147 Au-

164 2196 271 2271 tonio
296 2202 334 2267 et
359 2192 582 2290 Cleopatrae
608 2194 745 2265 codem
771 2199 943 2289 tempore
968 2194 1017 2266 de
1042 2190 1127 2296 ejus
1145 2193 1293 2269 disces

163 2311 275 2417 juxta
299 2336 344 2386 ac
378 2313 505 2385 reditu
529 2311 681 2383 nuntius
705 2310 840 2385 allatus
866 2310 1049 2408 furerit⁴³).
1100 2312 1193 2388 Jum
1217 2312 1294 2387 cae

164 2456 289 2509 sarem
323 2429 572 2505 Octauiauuun
605 2454 657 2503 ex
689 2429 795 2503 Italia
828 2432 1007 2505 reducem
1035 2428 1183 2507 iactuum
1207 2430 1294 2506 ulic-

163 2560 251 2627 rnut
284 2550 395 2651 legati
422 2550 471 2623 ah
496 2549 663 2622 Antonio
693 2556 734 2622 et
759 2549 957 2646 Cleopatra
980 2550 1106 2644 missi,
1146 2574 1294 2649 quorum

162 2672 339 2771 princeps
371 2668 613 2766 Euphronius
647 2676 747 2760 erat,
782 2677 1008 2768 praeceptor
1036 2669 1209 2745 liliorum
1232 2670 1295 2743 An-

162 2791 277 2883 tomi,
321 2797 364 2862 ut
395 2801 528 2862 auctor
562 2795 619 2861 ost
644 2787 865 2860 Plutarchus
891 2812 925 2861 c.
941 2791 1003 2862 73.
1056 2788 1134 2863 Per
1160 2790 1229 2864 hos
1250 2789 1295 2860 lc-

162 2919 268 3009 gatos
294 2909 491 3006 Cleopatra
515 2906 644 2979 liberis
671 2905 749 2977 suis
775 2930 935 3007 reguum
956 2907 1117 3007 Aegypti
1140 2908 1295 3006 petehut3

161 3027 345 3101 Antonius
370 3027 604 3126 postulabat,
630 3033 693 3117 ut,
719 3024 752 3099 si
779 3050 854 3099 uou
880 3026 1034 3099 daretur
1058 3027 1099 3099 in
1119 3028 1295 3128 Aegypto,

162 3154 265 3221 certe
298 3145 459 3218 Athenis
502 3144 575 3216 sihi
608 3144 758 3242 privato
792 3145 922 3221 liceret
963 3146 1154 3243 reliquam
1194 3147 1294 3222 vitm

162 3285 285 3365 agere.
337 3263 583 3354 Octavianus,
610 3261 761 3363 rejectis
778 3264 929 3337 Antonii
954 3265 1172 3360 postulatis,
1198 3264 1292 3339 Clco·

161 3390 291 3481 patrae
315 3383 527 3479 respoudit,
553 3382 648 3454 nihil
675 3383 898 3456 clementiae
913 3383 949 3455 ei
969 3381 1194 3459 ‹lehrturum
1209 3406 1289 3472 esse,

160 3501 193 3575 si
219 3500 425 3574 Antonium
451 3502 662 3575 sustulisset
695 3510 759 3575 aut
785 3498 974 3599 ejecisset,
1008 3503 1193 3601 misitque
1217 3526 1288 3578 cum

160 3619 292 3721 legatis
326 3621 509 3693 libortum
534 3646 663 3712 suum,
692 3622 907 3715 Thyrsum,
943 3644 1058 3718 (prem
1085 3621 1149 3695 οὐκ
1167 3622 1286 3715 ciro‘pn

160 3727 354 3825 ἄνθρωπον,
378 3731 452 3802 οὐδ’
476 3731 656 3813 ἀπιθάνως
679 3730 720 3802 ἂν
741 3732 805 3825 ἀφ’
831 3732 1283 3825 ἡγεμόνοςνὲουδιαλεχθεήα

160 3836 247 3925 πρὸς
268 3844 406 3926 γυναῖκα
428 3837 576 3922 σοβαρὰν
597 3837 653 3904 καὶ
675 3840 871 3922 θαυμαστὸν
892 3837 971 3905 ὅσον
999 3839 1057 3907 ἐπὶ
1079 3841 1197 3909 κάλλει
1215 3862 1280 3929 W·

159 3953 281 4017 νοῦσαν
302 3944 463 4041 appellat
485 3944 705 4018 Plutarchus
731 3946 771 4017 in
800 3946 871 4018 l'it.
900 3944 1036 4018 Antou.
1064 3970 1100 4019 c.
1120 3949 1182 4021 74.
1223 3944 1280 4019 Ali-

157 4071 298 4163 quanto
325 4062 515 4160 copiosior·
540 4064 611 4136 hac
637 4063 678 4135 iu
702 4088 745 4136 re
763 4073 822 4137 est
841 4064 911 4137 Dio
932 4064 1081 4138 Cassius
1100 4060 1280 4154 Libuit„

158 4184 226 4280 qni
260 4193 321 4258 ter·
354 4183 495 4282 legatos
530 4206 613 4256 osse
646 4191 775 4256 narrat
801 4183 850 4254 aul
877 4182 1127 4257 Octavianum
1156 4185 1279 4271 minu,

158 4308 196 4376 et
220 4304 353 4377 tertiae
378 4301 558 4401 legationi
584 4326 671 4373 cum
699 4301 870 4396 Anu-llo,
905 4301 1059 4375 Antonii
1085 4301 1187 4395 lilio,
1218 4303 1281 4379 siu

157 4443 341 4518 responso
377 4420 554 4494 dimissae
589 4421 758 4493 additum
794 4443 877 4494 esso
903 4420 953 4493 ait
987 4443 1020 4494 c.
1050 4424 1090 4495 8.
1121 4422 1282 4499 libertum

155 4614 337 4625 ..nn—...mm
350 4618 362 4624 .-

243 4726 298 4799 ⁴³)
320 4724 368 4784 Dc
389 4724 444 4787 hoc
464 4726 596 4788 Caesaris
612 4727 763 4788 Octaviani
785 4731 886 4788 itincre
907 4728 1060 4806 diligenter
1075 4728 1284 4808 exposuitlhr·

156 4828 276 4873 manuus
296 4814 328 4872 iu
347 4810 458 4873 Hauc.
479 4813 565 4877 llum.
588 4813 715 4879 Tomi.
738 4836 769 4893 p.
785 4820 859 4878 487.
