2670 5294
133 638 209 719 216
482 664 537 713 on
562 662 698 717 cassio
727 662 949 713 rannessa.

133 834 299 905 aetatem
320 832 599 927 propagarent.
658 800 711 901 Et
741 825 828 923 quis
867 849 947 898 non
976 822 1160 917 miretur,
1200 844 1275 895 nrt·

135 970 252 1048 gnum
277 946 388 1019 iilum
413 945 560 1039 virum,
586 942 635 1020 G.
653 940 689 1019 J.
708 941 888 1018 Vossium
906 945 954 1017 de
970 942 1080 1018 Poet.
1098 942 1186 1017 Lat.
1202 944 1274 1017 at.

135 1092 177 1165 p.
204 1068 292 1140 237.
328 1065 442 1139 Toni.
462 1063 532 1137 ΠΙ.
562 1060 662 1162 Opp.
696 1062 980 1138 commiserim
1014 1061 1190 1136 Caesium
1213 1059 1274 1136 Se·

135 1190 273 1261 verum
300 1181 501 1259 Oratorem
535 1206 624 1259 eum
658 1179 786 1257 Cassio
810 1180 1009 1255 Parmensi
1035 1174 1183 1257 Poeta?
1213 1180 1275 1253 At-

136 1328 212 1402 que
244 1304 349 1379 huno
382 1303 507 1377 i'ossii
538 1324 712 1377 errorem
750 1300 984 1399 repetierint
1020 1299 1154 1394 multi,
1197 1298 1275 1373 lieet

136 1446 227 1498 eum
251 1417 331 1521 jam
354 1418 404 1496 L.
430 1420 618 1517 Gyraldus
644 1420 693 1494 ‹le
708 1419 816 1494 Poet.
833 1418 920 1493 Lat.
937 1420 1037 1494 Diei.
1054 1417 1118 1493 lv.
1147 1444 1190 1516 p.
1204 1418 1274 1491 tao.

138 1537 241 1640 Opp.
274 1540 481 1631 notaverit,
524 1546 565 1615 et
594 1546 800 1635 utrumque
825 1538 997 1615 Cassium
1021 1545 1129 1612 reate
1154 1536 1275 1611 ‹listin-

137 1659 240 1735 xerit
276 1657 320 1732 P.
355 1657 520 1733 Crinitm
562 1657 612 1732 ile
653 1655 761 1735 Poet.
803 1656 888 1733 Lat.
921 1657 1029 1735 Libr.
1055 1656 1127 1731 III.
1164 1680 1200 1731 o.
1224 1657 1277 1731 a.

243 1897 318 1991 Qui
351 1904 479 1973 autem
516 1895 661 1972 iaotum
701 1896 771 1992 sit,
815 1905 858 1972 ut
891 1892 1041 1969 Cassius
1073 1894 1280 1973 Parmensis

138 2042 371 2116 praenomen
408 2015 497 2111 Caii
526 2016 739 2110 inveniret,
772 2013 896 2089 fateor
921 2038 987 2087 me
1011 2015 1183 2109 trasone,
1215 2011 1281 2087 ario

139 2137 338 2229 stateris,
383 2133 555 2211 Cassium
585 2134 742 2209 Pootam
776 2133 978 2209 oonfirsum
1012 2158 1096 2209 esso
1131 2132 1281 2208 onmi-

143 2253 277 2329 Cassio
303 2253 507 2349 Longino,
532 2252 706 2353 principe
731 2249 1017 2353 eonjuratorum
1042 2259 1082 2328 et
1106 2250 1162 2327 M.
1182 2250 1283 2324 Broti

140 2372 265 2447 socio:
301 2395 378 2470 quo
412 2373 568 2448 nomine
601 2373 666 2448 vel
690 2381 821 2449 nostra
844 2373 1031 2447 memoria
1058 2372 1284 2471 eastigandia

142 2498 202 2564 est
225 2489 417 2565 Harlesius
441 2492 484 2569 iu
508 2491 653 2565 lntrod.
679 2492 721 2567 in
745 2490 831 2566 Not.
856 2489 950 2566 Litt.
984 2490 1096 2566 Rom.
1123 2490 1214 2565 Vol.
1239 2486 1285 2562 Π.

141 2610 254 2699 §.15.
281 2637 318 2709 p.
346 2614 434 2685 222.
496 2612 666 2704 Primus,
706 2611 747 2685 ni
771 2611 903 2704 failor,
942 2633 1178 2709 praenomen
1208 2603 1289 2701 Caii

142 2738 276 2829 poetae
310 2729 365 2803 illi
398 2730 595 2804 Parmensi
625 2728 803 2829 praefixit
827 2732 871 2803 P.
895 2729 1094 2820 Pithoeus,
1131 2723 1287 2802 testei.

141 2850 189 2922 A.
217 2846 389 2923 Fabricio
422 2849 463 2921 in
496 2848 595 2922 Bibl.
634 2849 719 2923 Lat.
752 2849 866 2923 Tom.
892 2846 962 2920 ΙΠ.
996 2874 1035 2945 p.
1061 2848 1151 2921 241.
1184 2844 1287 2937 Ern,

141 2967 274 3063 iiiique
299 2967 461 3041 assensit
485 2966 529 3041 Ρ.
547 2968 787 3042 Bmmannus
813 2969 854 3041 in
868 2967 1019 3042 Anthol.
1037 2964 1123 3041 Lat.
1142 2964 1252 3042 Liar.
1259 2962 1290 3038 1.

143 3082 273 3185 Epigr.
297 3080 385 3158 135.
411 3084 494 3159 Vol.
512 3085 545 3166 1.
570 3112 610 3186 p.
629 3090 694 3165 97.

251 3200 396 3279 Verum
428 3211 557 3280 tamen
592 3207 745 3305 utrique
777 3206 945 3302 nomini,
987 3204 1092 3306 quod
1127 3204 1292 3282 vidimus

147 3321 253 3399 omni
277 3320 352 3396 fide
377 3320 559 3401 historica
584 3325 808 3401 destinatum
832 3350 937 3421 esse,
980 3326 1081 3425 apud
1104 3323 1295 3401 Nemetes

145 3440 396 3542 insigniorem
439 3446 812 3521 commendationem
845 3455 885 3521 ot
920 3444 1185 3521 auctoritatem
1226 3466 1297 3518 sno

147 3583 304 3635 assensu
338 3560 551 3638 conciliavit
584 3564 646 3639 vir
670 3566 798 3666 magni
822 3564 987 3640 nominis
1012 3573 1052 3638 et
1077 3560 1299 3639 exoellentis

146 3678 350 3774 doetrinae,
379 3679 602 3779 christoph..
613 3680 755 3758 Saxius
763 3736 776 3778 ,
804 3685 926 3782 quiin
943 3682 1143 3759 Onomast.
1159 3678 1298 3755 litter.

147 3800 262 3872 Tom.
279 3796 312 3871 I.
339 3823 378 3896 p.
396 3801 483 3875 170.
509 3800 607 3876 haee
631 3802 800 3900 scripsi&
834 3804 909 3897 „C.
940 3801 1100 3880 Cassios
1132 3802 1300 3874 &venta

146 3914 395 4011 Pannoniis,
437 3941 544 3993 anus
579 3909 860 4019 permissorum
903 3906 1107 4012 Caesaris,
1148 3918 1303 3994 arabitae

147 4033 433 4133 versificator.“
493 4036 553 4112 De
588 4040 834 4136 praenomine
859 4048 898 4117 et
924 4040 1152 4143 cognomine
1178 4034 1303 4130 Cassii

147 4151 362 4228 Parmensis
386 4155 483 4231 nihil
508 4158 671 4256 amplius
697 4159 841 4250 dieam3
885 4162 955 4236 sed
985 4182 1107 4259 quum
1132 4157 1302 4234 eximius

145 4270 211 4344 ilie
245 4273 305 4348 vir
339 4276 520 4351 eumdem
560 4278 726 4375 appellat
766 4279 938 4355 sirbitum
976 4276 1302 4377 oersffioatorm,

146 4388 420 4467 existimandus
446 4404 506 4470 est
530 4394 596 4471 alii
621 4398 743 4473 errori
760 4398 958 4498 multoque
976 4396 1144 4500 graviori
1167 4403 1305 4497 patro-

150 4505 298 4581 oinatos
335 4534 429 4587 esse
491 4513 587 4591 Nam
612 4516 654 4591 id
679 4527 854 4617 apertum
879 4507 960 4612 est.
1000 4515 1167 4592 Saxium
1192 4514 1236 4592 in
1259 4534 1306 4589 ee

78 4586 86 4693 1
147 4621 266 4700 fuisse
293 4631 502 4724 sententio,
527 4640 570 4708 ut
596 4634 766 4712 Cassium
790 4636 1040 4712 Parmensem
1064 4658 1147 4711 non
1171 4632 1306 4711 diver·

148 4766 234 4821 rum
259 4767 342 4823 esse
368 4759 541 4827 censeret
566 4775 589 4829 a
614 4754 744 4833 caeno
770 4752 956 4854 Etrusco,
988 4754 1123 4855 itaque
1156 4750 1306 4832 feneret
