2670 5294
401 279 449 327 ns.
477 280 613 329 csssro
634 282 851 333 massensi.
1138 267 1209 337 187

56 438 197 515 secisse
231 440 461 543 dignamque
493 442 690 539 hsbtdsse,
727 446 788 521 cni
820 470 889 523 sna
913 447 958 523 in
980 449 1210 527 bibliotheca

55 558 190 634 locsrm
214 556 349 636 daret?

165 676 245 755 Sed
276 678 357 782 jam
396 682 508 759 inscii
541 687 822 785 propemodum
854 688 965 763 relati
998 714 1128 764 sumus
1162 694 1209 765 ed

57 797 175 874 Plinii
208 800 359 895 locum,
399 826 423 877 a
455 829 535 901 quo
570 806 696 880 omnis
735 832 936 909 progressa
977 816 1035 884 est
1068 806 1210 911 Maffeji

58 918 285 1017 disputatio,
321 944 398 1021 qua
423 923 638 1019 evinceret,
672 926 816 1002 vixisse
839 928 1033 1026 qnondam
1058 928 1210 1003 histori-

58 1062 152 1113 nnn
167 1042 403 1136 Romanum,
430 1043 479 1118 Τ.
496 1043 668 1119 Cassium
684 1042 885 1140 Severum,
911 1071 1077 1146 eumque
1093 1046 1210 1121 finisse

58 1158 334 1236 veronensem.
394 1162 511 1263 Atqui
543 1165 751 1240 ostendisse
784 1167 897 1241 nobis
930 1168 1128 1261 videmur,
1162 1189 1210 1240 ex

59 1280 227 1372 mneos,
252 1280 393 1379 quibus
416 1282 482 1357 ille
503 1284 714 1360 sententiae
739 1309 831 1360 suae
856 1285 1100 1361 stabiliendae
1125 1308 1210 1387 gra·

59 1396 113 1471 tia
139 1422 230 1473 usus
255 1399 319 1494 sit,
345 1402 508 1477 testibsn
533 1426 585 1476 ne
610 1428 732 1477 unum
757 1405 914 1502 quidem
939 1428 1043 1498 esse,
1071 1405 1136 1502 qui
1162 1405 1211 1478 de

60 1516 184 1591 Cassii
214 1517 384 1595 historici
418 1522 665 1622 cognomine,
718 1525 862 1597 nedum
897 1525 946 1599 de
980 1524 1101 1622 patris
1127 1520 1210 1624 ejus

59 1646 101 1712 et
126 1637 206 1713 vita
230 1645 272 1711 et
295 1638 447 1739 scriptis
476 1665 633 1716 omnem
657 1642 768 1716 tollat
793 1642 1083 1717 dubitationem.
1134 1642 1212 1743 Igi-

59 1764 129 1829 tur·
151 1782 250 1831 unns
275 1766 450 1857 superest
473 1760 587 1835 Plinii
610 1762 739 1857 locus,
766 1787 905 1860 «prem,
935 1761 1055 1837 veluti
1079 1758 1212 1836 Malle-

59 1871 175 1976 janae
200 1876 390 1975 opinionis
414 1902 564 1975 arcem,
601 1904 741 1981 operae
774 1882 941 1983 pretium
966 1887 1027 1979 est
1050 1880 1212 1983 diligen·

60 1995 138 2069 tius
152 2002 349 2071 excutere.
393 1998 566 2072 Priminn
583 2023 675 2075 vero
694 2000 821 2099 ipsum
839 2000 920 2074 Titi
937 1998 1055 2073 Cassii
1069 2024 1211 2075 nomen

52 2114 163 2215 'apud
178 2114 344 2191 Plinium
360 2117 472 2192 valde
488 2126 777 2193 controversum
795 2125 853 2194 est
868 2119 1008 2216 quippe
1033 2119 1073 2191 in
1091 2118 1211 2193 Codd.

60 2244 104 2309 et
134 2232 256 2308 Editt.
288 2241 384 2311 vett.
419 2245 636 2311 monstrose
670 2240 931 2336 depravatum.
987 2238 1073 2312 Jarn
1101 2238 1213 2311 Cata-

59 2376 182 2429 naeus
216 2350 373 2450 latetsn,
420 2379 463 2430 se
495 2356 538 2429 in
571 2357 680 2429 libris
706 2356 814 2429 Mstis
848 2380 929 2430 non
959 2353 1044 2429 Titi
1070 2354 1212 2446 Gasst't',

62 2474 134 2547 sed
165 2470 249 2547 Titi
273 2472 380 2549 carta·
401 2474 560 2577 legisse,
586 2476 756 2573 itemque
772 2472 920 2549 (lortius
944 2476 986 2549 in
1004 2474 1213 2550 veterrimo

62 2594 234 2693 quodam
260 2591 353 2668 God.
377 2595 523 2693 reperit
555 2592 642 2670 Titi
655 2592 748 2671 Coti
768 2594 796 2667 i.
813 2616 849 2667 e.
876 2593 992 2689 Catii,
1019 2593 1124 2692 qnod
1149 2615 1214 2667 re·

61 2712 285 2811 ponendann
310 2714 477 2789 censuits
509 2714 550 2787 id
575 2715 680 2814 (prod
704 2738 827 2813 nuper
850 2711 940 2789 lecit
964 2713 1126 2787 Titzius.
1168 2710 1214 2784 In

64 2830 204 2905 Aldina
228 2832 397 2931 primsnn
420 2832 559 2934 legitur
589 2831 676 2908 Titi
693 2831 841 2923 Cassii,
868 2833 974 2932 quod
999 2856 1047 2907 ex
1073 2831 1213 2906 Codice

63 2950 304 3053 prodigiosae
344 2953 575 3051 antiquitatis
610 2960 804 3052 sumptum
838 2952 930 3027 dicit
962 2951 1213 3043 Rezzonicns,

63 3068 204 3163 Italus,
247 3070 287 3145 in
322 3072 657 3170 [disquisitionibus
690 3072 870 3147 Plinianis
911 3071 961 3145 Τ.
991 3071 1043 3145 Π.
1076 3096 1123 3169 Ῑ).Ι
1151 3068 1214 3143 58.

64 3190 194 3289 Atque
217 3214 265 3266 ea
296 3192 464 3267 nominis
488 3191 677 3289 scriptura
701 3214 725 3265 a
749 3192 922 3291 plurimis
953 3192 1110 3291 probata
1143 3189 1214 3264 ob·

63 3310 192 3385 tinuit.
251 3308 339 3386 Jann
372 3319 418 3385 nt
449 3311 722 3405 concedamus,
755 3310 835 3384 Titi
861 3308 981 3383 Cassii
1004 3332 1148 3383 nomen
1172 3308 1215 3380 in

63 3427 153 3529 lopo
185 3427 358 3507 Pliniano
389 3430 598 3533 genuinum
624 3454 717 3525 esse
751 3436 793 3503 ot
817 3450 972 3517 sanum3
1007 3434 1138 3499 tamen
1162 3448 1215 3499 ex

64 3572 136 3643 co,
173 3550 283 3647 'quod
308 3574 397 3625 cum
422 3548 599 3626 Cornelio
624 3548 772 3650 Nepote
802 3547 866 3623 hio
893 3540 1118 3647 conjunctus
1142 3551 1215 3638 est,

64 3667 225 3743 minime
250 3668 291 3743 id
316 3667 419 3745 ellici
444 3678 486 3745 et
510 3692 749 3767 consequens
774 3690 877 3760 esse,
909 3666 1018 3764 'quod
1042 3658 1217 3764 Maffejus

64 3788 294 3882 deduxerit,
339 3788 459 3865 aevis
492 3788 702 3887 apparebit.
771 3786 875 3861 Dicit
900 3785 1025 3879 enim,
1063 3784 1114 3858 ob
1141 3780 1217 3858 Ne·

64 3906 169 4006 potis
203 3906 390 3984 historicis
425 3907 518 3981 clari
551 3906 809 3981 momnnentis
833 3906 1071 3981 mentionem
1095 3902 1216 4001 sequi,

63 4036 108 4099 ut
135 4026 250 4102 etiam
283 4028 334 4103 Τ.
362 4026 511 4103 Cassius
542 4026 584 4101 in
609 4028 746 4101 eodem
772 4025 967 4103 doctrinae
993 4046 1132 4129 genere
1156 4023 1219 4097 in·

65 4146 257 4223 clenterit.
307 4146 380 4238 At,
405 4146 480 4221 nisi
503 4168 568 4223 me
593 4146 723 4222 omnio
747 4143 902 4240 fallunt,
927 4144 968 4218 id
992 4144 1110 4220 modo
1129 4142 1218 4216 indo

65 4264 272 4361 discimus,
305 4264 478 4341 Cassium
508 4266 628 4341 istum
651 4265 806 4370 ingenio
827 4264 1052 4364 scriptisque
1076 4282 1220 4335 nomen

66 4392 106 4461 et
134 4384 278 4461 lamam
302 4384 487 4487 adepttnn
511 4406 598 4464 esse
622 4406 731 4484 eam,
758 4408 835 4487 qua
859 4381 1073 4461 Herennius
1098 4376 1220 4453 Seve-
