2670 5294
96 678 148 751 30
303 752 313 765 ,
455 693 505 743 cs
531 694 568 743 ι.
585 692 709 745 vauro
735 692 879 743 roura.

96 861 164 939 illo
187 842 363 960 tenrpore
388 857 539 959 seriptis
563 855 715 959 Ecloffis
739 880 883 935 nomeu
906 862 946 941 et
968 854 1129 935 turdum
1150 854 1254 965 arlo-¹
1283 872 1290 919 ¹

96 990 185 1082 ptus
225 978 383 1075 luisset,
422 978 510 1079 (pris
542 1004 623 1053 non
654 975 867 1075 permimm
899 976 1024 1068 dicat,
1061 974 1162 1049 nihil
1190 972 1233 1049 sla
1284 994 1290 1037 1

97 1102 155 1177 eis
181 1101 405 1175 adnotatum
429 1122 514 1173 esse
530 1096 678 1173 abistis
695 1088 1094 1179 commentatoribus?
1118 1090 1234 1173 Elim
1285 1118 1290 1157 ¹

100 1224 148 1296 ‹le
175 1219 317 1295 Cinnae
334 1217 484 1319 Eulogis
509 1224 647 1293 tacent.
692 1213 839 1291 Neuter
860 1213 977 1315 igitur
998 1213 1045 1289 in
1061 1212 1140 1297 boc
1162 1234 1235 1295 mr·

99 1339 248 1415 minum
272 1361 414 1437 genere
437 1336 582 1438 ingenii
604 1336 708 1412 vires
724 1332 957 1434 periclitabis
974 1356 1063 1409 esse
1078 1331 1234 1425 videtin,

101 1458 156 1533 ita
180 1466 223 1530 ut
248 1456 425 1557 Virgilius
436 1460 441 1470 '
451 1457 555 1533 salva
571 1453 761 1531 modestia
784 1453 951 1529 scribere
964 1458 1099 1557 posset
1116 1448 1234 1551 Eclog·

100 1575 166 1651 ti.
191 1601 227 1653 v.
251 1577 285 1649 l.

137 1692 291 1769 Prima
316 1692 522 1794 Syracosio
547 1691 715 1789 digmus«
739 1704 798 1769 est
820 1692 953 1769 Iodm
975 1718 1095 1769 versu

154 1814 324 1906 Nostro,
349 1839 471 1914 sieque
495 1811 651 1887 crubuit
676 1811 799 1889 silom
823 1812 1004 1889 barbitos-c
1033 1809 1196 1889 ibatis.

2 2020 11 2031 ,
103 1933 222 2027 Nam,
249 1933 397 2009 etiamsi
413 1932 516 2009 hunc
532 1933 658 2029 locum
677 1956 766 2011 oum
779 1931 817 2009 J.
832 1933 881 2007 ll.
899 1932 1035 2009 Vossio
1059 1932 1117 2013 ita
1130 1931 1239 2007 inter·

81 2118 86 2131 .
105 2062 312 2154 pretemur,
330 2060 375 2126 nt
393 2077 432 2128 v.
441 2050 573 2151 prium
588 2050 782 2131 indefinite
791 2052 935 2127 ‹lictrrm
948 2048 1240 2152 accipiamus²⁸);

105 2180 238 2251 tamen
262 2171 423 2269 quilibet
447 2170 654 2263 fatebitur,
679 2195 760 2244 non
776 2172 945 2269 potirisw
970 2196 1005 2249 a.
1020 2170 1067 2253 U.
1083 2170 1131 2246 G.
1148 2166 1242 2265 715,
1287 2181 1290 2221 ³

107 2316 185 2391 quo
210 2312 312 2365 anno
336 2288 477 2390 Ecloga
496 2288 563 2363 Vl.
590 2290 796 2387 composita
820 2300 899 2385 est,
934 2315 958 2367 a
981 2290 1142 2393 Virgilio
1166 2287 1245 2383 ilici,

109 2432 218 2483 suam
237 2407 413 2483 Thaliam
437 2408 606 2507 primum
620 2406 824 2503 Syracusio
840 2434 957 2487 versu
970 2411 1108 2485 ludere
1124 2430 1246 2485 ausam

108 2552 216 2621 esse,
242 2526 275 2600 si
302 2525 438 2603 Varius
466 2536 505 2603 et
531 2525 652 2601 Gimra
675 2523 753 2627 jam
777 2552 878 2603 anno
904 2529 950 2604 U.
969 2528 1011 2605 G.
1038 2530 1150 2623 714„
1176 2552 1247 2627 quo

109 2671 212 2724 anno
237 2646 415 2746 scriptum
440 2672 526 2723 esse
550 2647 717 2723 vidimus
739 2646 921 2750 Eelcgam
936 2648 1024 2741 lX.,
1049 2656 1197 2723 tantam
1212 2647 1250 2721 in

107 2767 283 2845 bucolica
313 2766 420 2865 poesi
454 2766 651 2843 consecuti
681 2764 844 2841 brisseut
875 2766 1070 2867 gloriam„
1095 2775 1142 2843 ut
1171 2766 1251 2844 Vir·

109 2888 222 2990 gibus
248 2884 440 2961 diffideret
465 2887 633 2961 scribere
659 2884 1192 2987 seposseEclogas,Va1·io
1218 2894 1253 2963 et

111 3004 234 3081 Cinna
267 3005 411 3105 (liguas.
470 3001 601 3101 Neque
633 3005 711 3081 huc
742 3005 939 3081 rebrlerim
962 3006 1080 3083 verba
1104 3001 1255 3107 Aprilei

112 3124 162 3197 ‹le
197 3120 378 3221 Orthcgr.
411 3130 444 3209 §.
470 3118 533 3193 58.
567 3122 707 3211 V
639 3150 753 3197 cirrus
788 3122 939 3201 Cicmss
970 3123 1256 3203 corstuberrmlis

112 3242 160 3317 ic
183 3237 313 3343 primo
336 3245 565 3341 pounsef‘
599 3242 667 3315 ubi
702 3243 751 3318 de
777 3242 992 3321 minoribus
1017 3242 1257 3345 eogiundm

113 3360 282 3441 arbitror
306 3358 512 3460 poematis,
547 3362 686 3459 quibus
712 3356 914 3436 Varium
900 3384 1082 3461 juvenem
1106 3384 1258 3441 vacasse

114 3488 157 3557 et
188 3478 419 3556 sublimioris
452 3479 606 3579 spiritns
639 3481 871 3557 carminibus
903 3480 1131 3580 praelusisse
1160 3482 1259 3561 veri·

115 3598 240 3677 simile
264 3607 337 3676 est.

219 3717 325 3794 Haec
359 3743 480 3819 quum
512 3743 663 3795 mecum
694 3728 852 3819 relnrto,
895 3721 938 3794 in
970 3744 1056 3807 eam
1095 3722 1259 3799 deducor

117 3838 368 3931 sententiam,
405 3845 450 3912 ut
475 3838 630 3912 Varium
663 3839 706 3913 in
730 3840 836 3938 poesi
860 3840 1034 3915 bucolica
1059 3842 1261 3941 qrridqrram

118 3956 310 4059 scripsisse
335 3957 513 4029 audacter
529 3981 678 4059 negem.
729 3957 779 4031 Et
799 3960 977 4058 quianon
993 3959 1101 4036 videt
1118 3974 1261 4035 utrum-

119 4098 196 4179 que
220 4076 330 4151 illum
354 4082 509 4175 poetam
516 4127 529 4169 ,
566 4076 720 4151 Varium
745 4087 785 4153 et
810 4077 987 4172 Girrnam,
1032 4104 1261 4157 commemo·

120 4204 247 4273 ratum
281 4219 363 4273 esse
396 4220 420 4271 a
452 4193 628 4297 Virgilio,
667 4220 748 4271 non
784 4222 862 4297 quo
886 4222 973 4273 suas
996 4196 1158 4299 Eclogas
1181 4220 1264 4273 crum

123 4311 293 4387 Varianis
317 4323 358 4388 et
383 4314 562 4390 Cinnanis
587 4317 858 4412 contenderet,
894 4321 962 4393 sed
988 4324 1050 4417 ut,
1086 4326 1266 4419 qrrantuur

124 4470 333 4485 -ῲ--ι-ι

213 4548 354 4623 resim
356 4552 433 4613 iliter
400 4552 599 4633 Virgilius
621 4554 685 4619 (iao
649 4579 730 4636 ρους
753 4555 836 4619 Licb
853 4556 951 4619 lllv
952 4565 1028 4619 ..to

246 4636 1122 4724 Pmldmmrffmutt,lumm,.pa1m

127 4722 226 4799 iibqus
128 4718 503 4889 magdon
514 4735 662 4923 Νι».7020.
722 4726 770 4790 Cf.
799 4728 980 4795 Proluaiod
1009 4726 1116 4814 ἄορ.
1146 4726 1278 4807 Παυὶέ
