2670 5294
172 644 247 719 188
518 661 569 713 me
595 660 733 715 essese
750 661 972 715 reomensi.

168 856 236 907 rus
270 834 465 931 permotus
508 824 644 919 suerit,
687 833 731 901 ut
763 824 867 901 illius
902 826 1047 926 pariter
1080 848 1129 901 ee
1163 824 1305 925 Nepotis

169 951 373 1053 imaginem
406 950 447 1021 in
484 971 552 1021 sue
577 970 723 1045 ponere
748 945 977 1022 bibliotheca
1008 946 1124 1025 valde
1149 952 1304 1043 euperet,

169 1080 210 1147 et
241 1068 338 1145 nihil
371 1068 554 1166 impedit,
588 1090 666 1163 quo
697 1066 824 1140 minus
861 1066 925 1141 vel
958 1067 1006 1140 de
1038 1074 1156 1165 poete
1179 1066 1245 1141 vel
1267 1066 1304 1139 de

169 1198 319 1269 oratore
343 1189 564 1287 cogitemus.
614 1184 700 1259 Nou
724 1184 851 1259 minus
867 1181 1052 1284 judieirun
1076 1210 1194 1259 sumn
1208 1208 1303 1284 prae·

169 1309 338 1410 eipitevit
362 1303 537 1405 Maltejus
562 1305 603 1377 iu
629 1305 797 1379 eruenda
822 1304 874 1385 Τ.
901 1304 1018 1379 cassii
1042 1304 1182 1403 patrie.
1240 1302 1302 1377 Pli-

168 1432 253 1505 nius
293 1431 341 1502 T.
381 1424 562 1502 Cressimn
602 1432 643 1499 et
674 1424 866 1523 Nepotem
902 1425 1067 1522 appellat
1102 1422 1301 1521 mmrieipes

168 1548 326 1640 Severi,
371 1545 433 1620 eui
468 1570 539 1643 per
572 1544 670 1618 hesse
705 1543 908 1641 epistolem
942 1544 1098 1618 illorum
1134 1542 1302 1643 imagines

170 1666 443 1743 exscribendas
469 1664 752 1764 pingendasque
777 1663 940 1763 deleget.
990 1662 1079 1739 lem
1106 1688 1198 1739 eum
1223 1660 1302 1737 Cor-

167 1788 292 1863 nelius
316 1785 443 1883 Nepos
476 1783 517 1855 iu
542 1782 820 1857 veronensium
843 1782 949 1874 s’ioo,
983 1782 1168 1875 Hostilia,
1206 1791 1303 1855 netsrs

168 1908 220 1983 sit
250 1916 290 1981 et
324 1904 399 1979 diei
437 1901 648 1999 haberique
682 1902 801 1976 soleat
842 1900 1100 1997 Veronensis,
1144 1895 1303 2001 bleffejns

91 2082 95 2089 .
169 2025 381 2115 concludit,
433 2048 512 2097 non
553 2028 701 2095 tanturm
739 2020 904 2095 anrimms
945 2020 1079 2116 Plinii,
1123 2020 1303 2098 Sevemm

167 2146 298 2235 illmn,
341 2141 410 2215 sed
444 2141 559 2216 etiem
598 2140 648 2214 Τ.
678 2138 850 2215 Cassirms
890 2138 1123 2215 ilistorieum
1162 2140 1303 2215 Nerone

167 2261 349 2339 orirmdos
375 2284 469 2334 esse.
522 2260 604 2353 Qua
628 2258 671 2333 in
683 2282 728 2333 re
744 2282 880 2357 parum
895 2259 1174 2359 eirermrspeete
1194 2259 1304 2361 egisse

165 2384 293 2461 virum
335 2378 597 2455 doctissimum
604 2431 617 2472 ,
669 2403 749 2453 non
789 2376 940 2453 dillleile
982 2379 1058 2453 erit
1105 2379 1304 2455 intellecto.

166 2499 342 2601 vulgaris
367 2499 439 2572 ista
464 2500 513 2572 de
536 2496 692 2595 Nepotis
716 2496 839 2595 patria
863 2498 992 2595 opinio
1016 2498 1190 2572 maximo
1215 2494 1304 2573 (hl.

168 2618 291 2697 Vossii
323 2616 647 2695 dellist.Leti11.
674 2615 838 2689 Libel.
876 2640 910 2689 o.
939 2617 997 2689 le.
1032 2617 1081 2690 T.
1098 2616 1169 2691 IV.
1195 2643 1232 2717 p.
1249 2616 1305 2691 23.

166 2738 267 2838 Opp.
294 2738 516 2812 auctoritate
542 2734 702 2809 stabilite
727 2742 806 2823 ests
833 2758 918 2807 eam
942 2758 1035 2809 vero
1060 2732 1140 2835 jem
1166 2738 1307 2836 pridem

105 2892 115 2907 =
159 2856 405 2933 -lebelhetavit
435 2853 671 2931 llezzonieus
705 2854 745 2927 in
770 2854 1103 2951 Disquisitiouibus
1130 2854 1308 2931 Pliniauis

164 2977 192 3050 l.
221 3000 279 3071 e.,
321 2981 362 3049 et
395 2974 613 3071 nuperrime
648 2974 772 3049 erius
806 2973 905 3047 Ileld
938 2973 981 3046 in
1014 2973 1232 3075 Prolegom.
1266 2972 1308 3047 ed

165 3095 291 3169 Vitam
314 3092 451 3184 Attici,
492 3116 591 3189 (pirae
616 3093 733 3194 τιιΙςο
760 3092 936 3168 Cornelio
960 3092 1097 3191 Nepoti
1130 3086 1309 3169 adscribi·

164 3222 230 3287 tur
265 3210 528 3308 (Vretisleviae
557 3213 668 3287 1826.
694 3214 752 3307 8.)
785 3239 824 3313 p.
848 3214 887 3287 4.
911 3237 994 3310 sqq.
1020 3212 1221 3289 evidenter
1243 3212 1310 3287 do-

165 3332 263 3425 euit,
305 3332 354 3404 de
387 3331 505 3404 natali
537 3329 694 3429 Nepotis
726 3333 811 3408 loeo
844 3332 941 3405 nihil
972 3357 1043 3430 pro
1070 3340 1177 3408 oerto
1202 3354 1312 3431 posse

164 3448 358 3527 affirmari.
418 3448 497 3524 Sed
528 3448 612 3547 ipse
637 3452 871 3527 Rezzonieus
896 3451 1021 3545 hune,
1055 3454 1105 3527 de
1131 3478 1212 3551 qno
1235 3452 1312 3553 agi·

159 3574 272 3663 mus,
305 3568 434 3643 loemn
457 3566 569 3641 Plinii
594 3568 784 3645 illustrans
809 3594 832 3645 a
856 3594 948 3647 vero
972 3571 1084 3670 plane
1109 3570 1311 3649 eber-rasit.

41 3772 44 3777 ,
163 3688 292 3783 Quum
317 3685 419 3761 enim
445 3686 595 3762 seribit:
630 3688 825 3779 „Cassius
858 3702 990 3764 (sutem
1015 3690 1129 3789 opud
1158 3690 1313 3767 Veteres

161 3806 360 3883 tiendum
383 3829 466 3879 seno
487 3804 690 3900 gentilicio
708 3806 888 3903 nomine,
913 3808 1110 3884 interdu-m
1133 3806 1312 3910 epatris

166 3906 329 4005 caestus
361 3924 612 4021 Parmensis,
653 3926 752 4001 olibi
781 3953 922 4003 rursus
958 3927 1116 4004 Cassius
1152 3932 1312 4003 &versu

133 4044 439 4147 ,appellatur;“
472 4044 611 4120 vellem
644 4047 917 4122 eruditissimus
943 4047 1059 4121 Italus
1091 4074 1218 4123 unum
1241 4048 1311 4123 sel·

160 4174 241 4243 tem
282 4188 336 4240 ex
376 4163 589 4256 veteribus,
632 4189 730 4263 quos
770 4163 887 4265 jactet
930 4176 1066 4261 testes,
1112 4169 1309 4245 excitasset

161 4284 402 4383 seriptorem.
461 4280 650 4381 Equidem
673 4286 866 4361 neminem
900 4296 1074 4363 vetersnn
1106 4288 1224 4381 novi,
1248 4285 1309 4386 qui

162 4402 370 4477 sententiae
414 4396 495 4503 ejus
537 4403 817 4500 patrocinetur3
869 4413 908 4481 et
950 4406 1215 4483 recentiorum
1253 4404 1309 4483 ri-

159 4540 297 4593 rorum
322 4519 524 4595 doctorum
548 4523 759 4621 permultos
785 4548 868 4599 esse
899 4525 997 4618 seio,
1039 4526 1108 4623 qui
1144 4526 1309 4603 Gessium

162 4632 352 4713 Βθνοτιιω
394 4646 587 4715 oratorem
627 4638 768 4719 facient
800 4643 1065 4739 Parmensem,
1108 4654 1151 4719 et
1186 4644 1308 4721 Cassio

160 4752 361 4833 Parmensi
393 4754 537 4833 Poetae
580 4782 794 4863 eognomen
828 4761 963 4840 Severi
998 4762 1163 4839 inditsmr
1197 4764 1307 4839 luisse
