2670 5294
156 727 234 805 288
505 747 554 799 nr
581 746 718 800 cassio
744 748 966 800 rasurum.

157 921 270 991 auito
312 910 491 1012 opposuit
530 907 851 1009 Oudendorpius,
896 936 976 985 non
1014 918 1098 987 tam
1140 926 1288 989 mahen

156 1036 232 1110 diei
259 1056 368 1132 posse
383 1027 512 1129 flagi,
554 1052 608 1103 ex
633 1054 711 1127 qua
734 1030 863 1129 proles
891 1030 1085 1105 formetru
1110 1041 1151 1107 et
1176 1035 1288 1134 gigna-

156 1168 241 1247 tur,
287 1152 357 1225 sed
381 1134 536 1249 proteris
558 1147 681 1246 ipsam
694 1148 828 1245 fingi,
872 1156 916 1222 ut
939 1150 1016 1223 liba
1042 1158 1083 1223 et
1109 1152 1289 1250 placentae

156 1271 345 1372 fingantur
378 1290 432 1341 ex
463 1265 586 1340 farina
619 1273 708 1339 ante
743 1268 853 1365 pista.
905 1266 1128 1343 Macrobius
1155 1267 1288 1343 Satura.

156 1392 265 1465 Libr.
283 1389 333 1463 11.
369 1411 402 1461 e.
432 1387 469 1459 2.
495 1410 534 1483 p.
558 1384 646 1458 349.
672 1384 721 1457 Ζ.
757 1386 899 1485 „Apud
931 1385 980 1461 L.
1006 1387 1206 1481 Mallium,
1236 1388 1289 1485 qui

157 1510 323 1609 optimus
353 1505 477 1604 pietor
510 1503 655 1578 Romae
689 1502 919 1599 habebatur,
962 1505 1153 1581 Servilius
1177 1504 1289 1579 Gemi·

156 1651 231 1701 nus
262 1626 360 1701 forte
394 1621 597 1697 coenabat:
638 1645 801 1720 eumque
845 1623 940 1699 libas
982 1621 1068 1724 ejus
1116 1624 1289 1699 deformes

156 1747 334 1836 vidisset,
378 1740 488 1836 „Non
517 1740 710 1834 similiter,
751 1740 896 1839 inquit,
937 1743 1065 1837 Malli,
1118 1742 1226 1843 lingis
1258 1752 1287 1816 et

157 1864 319 1965 pingis.“
377 1860 428 1935 Et
461 1860 633 1953 Mallius,
675 1859 747 1951 „ln
771 1862 939 1936 tenebris
964 1863 1072 1937 enim
1096 1860 1199 1963 fingo
1206 1912 1218 1955 ,
1242 1861 1286 1934 in-

158 1983 257 2081 quit3
296 1982 383 2056 luee
413 1978 569 2077 pingo.“
631 1976 840 2075 Propterea
877 1977 1180 2078 Oudendorpius
1218 2004 1285 2053 ern

159 2101 363 2176 Torrentio
396 2098 473 2198 legi
510 2096 641 2171 maluit
673 2095 815 2194 pinsit,
856 2100 958 2196 quod
1004 2098 1171 2174 Codices
1202 2098 1286 2171 basi-

158 2220 307 2293 leenses
342 2218 540 2315 praebent.
598 2214 643 2288 ld
677 2240 748 2315 ego
783 2215 1015 2291 confidenter
1041 2218 1200 2317 recepi,
1228 2240 1286 2289 nor

159 2337 415 2410 numerandos
441 2356 525 2407 esse
552 2331 710 2409 Codices
733 2342 850 2408 ratus.
901 2334 1075 2410 Drdrium
1093 2336 1201 2411 enim
1222 2356 1287 2411 esse

159 2455 312 2552 nequit,
355 2478 395 2529 v.
419 2450 554 2550 firmil
588 2474 671 2525 esse
696 2453 1080 2550 interpretamentrnn
1106 2455 1222 2553 idque
1242 2452 1287 2525 in·

160 2581 292 2671 eptum
327 2572 501 2646 lectionis
535 2569 682 2668 pinsit,
721 2573 825 2669 quod
851 2594 904 2644 ex
928 2571 1102 2672 margine
1130 2571 1289 2670 antiquis·

160 2691 264 2766 simis
300 2686 377 2787 jam
402 2689 638 2786 temporibus
670 2690 711 2760 in
747 2697 899 2763 textum
942 2690 1147 2787 irrepserit
1181 2692 1289 2788 ibique

161 2817 295 2908 utpote
310 2807 460 2882 facilior
478 2807 589 2881 leutio
606 2807 733 2880 loeurn
749 2808 788 2878 in
807 2808 927 2881 Codd.
947 2808 1126 2903 plurimis
1142 2810 1290 2882 obtinue-

160 2929 224 3002 rit.
288 2926 478 3023 Equidem
511 2926 648 3023 quovis
680 2927 804 3022 posito
838 2926 996 3023 pignore
1032 2928 1287 3016 contenderim,

162 3071 185 3120 a
219 3046 347 3121 Cassio
390 3044 590 3117 Parmensi
633 3044 814 3142 seriptum
856 3068 938 3118 osse
972 3043 1125 3142 pinsit,
1170 3046 1286 3143 quippe

161 3167 267 3263 quod
299 3164 468 3260 apprime
503 3164 729 3260 respondeat
762 3163 853 3260 ipsi,
897 3164 946 3235 de
979 3185 1058 3260 (pra
1086 3187 1212 3238 sermo
1233 3170 1280 3253 ed,

160 3284 217 3357 rei
244 3290 282 3355 et
298 3281 472 3355 diationis
489 3280 722 3355 obscenioris
738 3281 868 3353 colori.
922 3280 1169 3376 Obseenitas,
1194 3302 1276 3379 quon
1323 3318 1325 3341 ι

164 3399 312 3474 Cassius
346 3408 477 3496 aperte
502 3400 565 3472 hio
601 3405 745 3495 captat,
786 3400 893 3472 abest
926 3424 949 3473 a
980 3425 1020 3473 v.
1045 3398 1203 3497 finxit,
1237 3392 1274 3471 ui
1323 3434 1325 3441 ·

163 3519 278 3591 etiam
304 3541 357 3590 ex
383 3515 596 3590 Casauboni
613 3518 923 3614 interpretatione
940 3526 1157 3617 repugnant
1175 3536 1271 3591 maru
1318 3544 1325 3613 f

163 3637 316 3731 collybo
342 3635 592 3709 decoloratae.
654 3635 773 3709 Istam
801 3637 912 3709 verbi
936 3636 1073 3733 reique
1099 3634 1268 3711 obsoenir
1313 3668 1325 3715 ι

163 3764 243 3827 tem
280 3754 479 3827 involucro
514 3755 683 3850 (prodam
714 3755 880 3851 veloque
906 3755 997 3828 soite
1022 3755 1194 3829 obtendit
1212 3750 1266 3825 Gn·
1304 3760 1325 3837 ll

163 3873 253 3946 sius.
326 3870 470 3946 Sensus
505 3872 606 3945 enim
642 3880 719 3946 est:
759 3871 856 3945 bane
890 3870 1055 3945 farinam
1088 3872 1197 3970 pinsit
1213 3868 1263 3941 is
1298 3924 1301 3935 .

164 3991 322 4089 pressit,
365 3989 515 4088 subegit
547 3991 721 4065 manibus
754 3991 906 4084 collybo
938 3990 1167 4065 decoloratis
1192 4006 1262 4061 mo·
1294 4012 1325 4075 a,

164 4110 296 4182 sarius.
346 4107 433 4183 lam
447 4107 690 4182 Casaubonus
708 4108 991 4183 accommodate
1007 4132 1097 4183 erun
1123 4135 1160 4184 v.
1180 4096 1258 4207 pind
1321 4150 1325 4161 .

166 4227 373 4326 significatu
409 4228 572 4300 obsceno
607 4228 765 4300 eontulit
799 4251 848 4299 ex
882 4226 1079 4302 Theocriti
1114 4210 1256 4322 loyoll·
1291 4244 1325 4307 lr.

163 4368 201 4417 v.
229 4346 291 4417 58.
323 4350 361 4416 ’τὸ
389 4347 555 4436 γερόντιον
580 4340 600 4437 ἦ
623 4343 658 4437 ῥ’
681 4345 732 4415 ἐίι
751 4345 868 4432 pillei
898 4348 1004 4437 'siper
1031 4349 1093 4416 τὰν
1124 4340 1257 4431 ruerit!
1290 4364 1323 4437 pr

167 4463 328 4549 ἕρωτίόα,
352 4468 413 4543 τᾶς
439 4458 522 4531 ποκ’
545 4464 581 4532 ἐκ
583 4465 701 4552 νίσθη.
695 4490 704 4506 ·
747 4461 876 4557 ibique
910 4460 988 4535 vid.
1017 4450 1261 4536 Scholiasta*

165 4577 368 4678 Kiessling.
408 4606 447 4676 p.
479 4579 565 4651 141.
636 4580 732 4654 Cum
773 4580 858 4651 loeo
903 4576 1135 4653 Tlreooriteo
1169 4566 1263 4651 loos&¹

166 4693 646 4772 lnin1adv.1nant11.Gr
672 4697 759 4771 101.
776 4697 826 4770 11.
841 4696 885 4768 Ρ.
901 4699 982 4793 2.p
983 4699 1105 4773 ..472
1123 4680 1265 4791 oomptfl
1293 4714 1325 4777 Ι

166 4813 293 4889 10οιιιιι
334 4813 573 4889 l‘lrereoratis
616 4840 678 4916 ap.
721 4815 881 4892 Suidam
917 4840 957 4893 v·
958 4723 1189 4903 pirddortac·
1209 4802 1251 4839 '
