2670 5294
406 346 613 403 susumus
639 352 668 404 1.
1043 330 1119 409 125

89 512 404 615 ‚doRAffeuo
420 513 632 595 Voroloto
658 514 816 619 oogitari
831 540 969 617 posse,
993 538 1117 618 qttum

89 668 92 699 ι
122 630 229 711 Varo
259 634 349 711 duoi
379 630 702 735 jurisprudentia,
741 644 868 736 neque
899 636 1001 715 Varo
1031 638 1117 715 Isto

89 752 220 827 ditaris
243 752 402 829 seientia
415 778 599 853 tuqttnm,
623 756 834 851 triltuotttr,
858 755 914 830 ita
927 756 971 830 in
984 782 1117 857 prom·

89 872 297 967 stridere,
336 874 475 949 eodem
506 873 632 974 gladio
663 870 827 977 jugtdnri
849 900 967 975 posse
992 876 1116 955 Vossii

89 992 222 1068 ionem
236 993 286 1068 de
303 990 352 1067 L.
360 992 462 1069 Varo
477 991 678 1093 Epicureo,
703 1018 822 1093 quem
837 996 982 1094 pariter
997 1022 1115 1075 nemo

89 1112 165 1187 erit
185 1134 372 1210 umquam
395 1112 584 1211 stipendia
608 1111 756 1189 feoisso.
817 1114 932 1215 Quod
956 1117 990 1191 si
1014 1117 1114 1194 Vos-

89 1254 115 1307 a
138 1238 269 1334 urget,
302 1252 402 1330 quse
431 1229 608 1327 Serum,
642 1234 899 1333 antiquiores,
935 1243 979 1310 ut
1003 1236 1116 1313 vide-

89 1358 255 1427 auetores
287 1358 440 1427 secutus
471 1350 913 1452 adEolog.Di.v.10.
939 1355 990 1431 de
1015 1353 1113 1431 Gor·

89 1467 283 1573 eujusdam
315 1472 491 1548 oratione
515 1470 557 1545 iu
580 1471 683 1546 humo
706 1471 927 1573 Alphenum
952 1472 1113 1568 Varum,

89 1614 191 1665 orem
203 1588 500 1665 Mantuanorum
524 1613 704 1691 agrorum
719 1590 948 1685 divisorem,
970 1592 1110 1685 refert3

89 1709 105 1783 i
127 1716 252 1809 potest
275 1710 371 1784 alius
388 1707 516 1785 Servii
533 1710 646 1785 iocus
661 1710 712 1785 ad
735 1710 867 1811 Eolog.
884 1710 955 1786 lX.
980 1737 1020 1789 v.
1030 1712 1110 1807 35„

89 1853 184 1922 utu,
210 1828 273 1903 nti
286 1829 463 1929 Virgilius
479 1853 593 1929 supra
612 1829 657 1926 (i.
675 1852 712 1905 e.
737 1826 866 1931 Eolog.
884 1829 972 1927 vl.)
997 1831 1112 1906 blan·

89 1970 172 2023 esse
197 1947 356 2041 dicitur,
389 1948 516 2025 vietor
539 1955 581 2023 et
603 1948 695 2023 belli
719 1948 802 2023 dux
827 1950 1043 2048 appelletur
1071 1958 1114 2025 at

89 2065 210 2165 pheno
238 2066 339 2143 Varo
363 2065 447 2142 leto
473 2066 612 2143 diserte
636 2074 677 2143 et
704 2068 819 2166 plane
851 2069 1109 2170 distinguitur.

89 2184 221 2261 ufeoto
252 2186 287 2259 si
311 2184 416 2261 Varo
436 2186 523 2261 duoi
546 2186 651 2261 idem
675 2185 812 2261 fuisset
844 2212 989 2264 nomen
1013 2212 1112 2289 gen-

89 2305 181 2402 ptod
206 2305 306 2380 Varo
330 2304 413 2381 loto
438 2304 558 2381 iusisse
583 2306 745 2400 seimus,
779 2306 944 2401 mirum,
970 2307 1002 2381 si
1027 2333 1111 2383 non

89 2424 172 2499 ttius
204 2426 255 2500 de
294 2430 458 2524 utroque
498 2424 648 2499 loeutus
691 2431 795 2499 esset
837 2422 997 2501 Servus
1040 2450 1111 2501 seu

89 2543 129 2617 tis
162 2550 223 2617 est
255 2543 357 2618 itlius
391 2544 525 2619 soholii
556 2543 734 2641 scriptor.
758 2584 813 2599 -
846 2541 1041 2642 Spohnius
1065 2545 1110 2619 in

89 2663 239 2749 omenis
273 2663 323 2737 ad
356 2662 500 2763 Virgilii
531 2662 710 2738 Bucolica
741 2687 794 2737 ex
826 2660 1107 2739 Grarnmotioo-

89 2781 144 2854 'tde
160 2781 304 2855 Varum
323 2780 573 2882 virgilianum
597 2788 816 2858 constanter
839 2782 1014 2857 nominat
1029 2782 1107 2858 At-

89 2926 96 2971 t
141 2899 186 2979 V
179 2924 315 2994 orum,
362 2922 437 2975 neo
478 2907 610 2976 tamen
647 2907 826 3000 apparet,
871 2900 1106 3002 intelligatue

106 3018 325 3116 quempiam
358 3015 474 3119 hujus
507 3018 674 3095 nominis
708 3019 873 3112 Varum
909 3042 961 3092 on
983 3019 1107 3095 Jun‘s·

90 3144 174 3211 tum
196 3137 305 3211 illum
329 3137 633 3213 celeberrimum.
685 3136 814 3216 Servii
840 3139 1107 3215 auctoritatem

89 3280 106 3329 s
139 3257 189 3332 de
221 3254 363 3358 Eologa
386 3256 456 3332 IX.
488 3257 590 3331 inter
623 3256 696 3332 aiis
729 3284 769 3357 p.
793 3257 859 3331 tl.
893 3256 989 3334 haeo
1018 3257 1103 3335 fere

89 3384 136 3451 at.
194 3374 353 3451 Perusia
386 3383 495 3475 capta
528 3382 569 3452 et
599 3374 653 3451 Μ.
676 3375 833 3450 Antonii
867 3376 1025 3449 ducibus
1057 3400 1104 3452 eo

89 3494 154 3569 ntis
178 3495 358 3596 repulsis,
385 3492 618 3571 Octavianus
646 3493 740 3569 alios
756 3491 950 3569 substituit
966 3493 1102 3569 duoest

89 3636 148 3689 nu
173 3613 303 3691 Caleni
331 3612 555 3691 Cantatum
584 3613 766 3709 Gallum,
799 3612 842 3687 in
864 3611 993 3688 loeum
1016 3612 1104 3689 ast,

89 3732 227 3810 »llionis
259 3731 457 3831 Alsetmm
493 3732 669 3823 Varum,
714 3732 782 3831 qui
815 3738 855 3807 et
888 3730 1103 3807 Pollionem

89 3859 104 3924 t
127 3852 171 3927 iu
192 3853 351 3953 regione
370 3849 520 3927 Veneta
544 3873 656 3951 egros
669 3851 860 3949 urbesque
876 3874 1102 3951 oppugnan-

89 3978 121 4047 εἰ
143 3971 243 4071 agris
268 3970 480 4047 dividendis
504 3976 723 4070 praeesset,
749 3969 876 4043 addito
892 3967 1101 4047 limitatum

89 4088 266 4166 ottus:
291 4116 330 4168 v.
345 4088 504 4167 Servius
529 4089 578 4164 sd
603 4086 820 4188 Eolog01X.
843 4111 883 4163 v.
901 4092 940 4163 7.
993 4088 1101 4184 „Vu-

89 4208 222 4303 Musa,
247 4210 368 4311 pergit
385 4208 598 4308 Spohuius,
623 4206 756 4305 inique
770 4212 976 4283 maomnmt
991 4208 1102 4283 Man·

95 4351 108 4420 ;
133 4328 283 4403 eddidit
306 4328 411 4403 euim
425 4327 533 4401 Musa
550 4325 771 4424 quindecim
785 4324 904 4400 missia
917 4346 1100 4423 passuum

89 4444 281 4544 hutumi,
323 4469 445 4547 qurum
477 4442 747 4523 Cremonensis
777 4467 860 4521 nou
893 4440 1099 4529 sufficeret,
