2670 5294
113 670 191 749 282
463 688 513 743 ns
539 688 677 743 oresio
702 686 923 741 remeses.

112 854 251 931 lentiee
274 878 355 929 non
387 852 569 929 ferendae
600 858 731 927 netem
761 850 943 927 inureret.
992 848 1047 927 Et
1070 872 1164 927 esem
1184 874 1251 925 nen

112 976 236 1049 solum
260 974 364 1074 ipse,
398 973 604 1071 respiciens
628 970 791 1063 famem,
827 994 921 1069 qiu,
948 978 1046 1047 teste
1071 968 1250 1045 Suetonio

112 1118 146 1169 e.
172 1093 236 1167 94,
248 1144 261 1187 ,
305 1090 489 1191 Apollinis
520 1090 622 1165 lilius
655 1088 871 1183 ferebatur,
915 1090 1019 1165 eultu
1050 1088 1250 1187 habituque

111 1210 213 1284 illius
247 1210 309 1285 dei
334 1209 592 1299 eeeudmisset,
634 1209 703 1283 sed
727 1214 900 1283 coeteros
924 1209 1041 1283 etiem
1065 1208 1249 1302 eonvivee,

111 1328 296 1403 ementito
323 1329 484 1403 deorum
515 1329 750 1425 deammque
775 1325 908 1400 habitu
914 1378 928 1417 ‚
971 1349 1120 1401 eoenoe
1153 1326 1248 1401 edhi-

111 1448 274 1540 buisset,
300 1454 410 1521 aucta
426 1446 691 1546 estineigniter
714 1444 774 1519 rei
796 1443 951 1521 infamia
967 1444 1119 1521 Romae
1143 1451 1183 1519 et
1203 1444 1244 1519 ed

112 1573 265 1640 exteros
291 1587 444 1663 quoque
470 1564 632 1662 perlate,
669 1562 736 1663 qui
767 1562 808 1637 in
841 1587 933 1639 essm
969 1562 1242 1639 eonttrmelioeie

54 1766 57 1771 ,
109 1684 315 1759 illuderent
339 1682 622 1785 epigrammatis
646 1704 769 1781 eoque
793 1682 1047 1783 ‹limilgerent

212 1800 455 1903 Epigramma
478 1802 592 1895 illud,
626 1804 733 1899 quod
756 1800 860 1876 bello
885 1798 1080 1876 Siciliensi
1104 1798 1241 1901 evulge-

108 1928 194 1997 tum
228 1944 311 1995 esee
343 1919 462 1997 refert
495 1917 724 2014 Suetonius,
765 1920 910 2019 puriter
941 1943 964 1993 e
999 1916 1133 1993 Gnosio
1162 1918 1241 1993 l'er·

107 2039 231 2117 mensi
260 2039 430 2139 potuisse
464 2038 659 2136 eomponi,
702 2024 806 2115 milri
825 2037 989 2136 'spridem
1012 2036 1240 2137 persuasissi-

107 2182 216 2235 mum
251 2165 318 2232 est.
381 2156 554 2232 Gessium
586 2154 699 2231 Sext.
734 2153 907 2258 Pompeii
940 2157 1091 2231 socium
1116 2156 1156 2229 in
1177 2156 1239 2229 isto

106 2276 210 2351 bello
240 2274 378 2370 fuisse,
414 2275 578 2351 vidimus
610 2299 725 2375 supra
756 2284 788 2365 5.
811 2279 895 2369 12„
929 2298 1059 2373 neque
1084 2274 1238 2375 inungui

106 2401 191 2469 tum
231 2401 308 2487 est,
350 2418 466 2493 quam
497 2393 736 2492 improspere
775 2394 823 2468 eb
856 2394 965 2469 initio
999 2418 1065 2469 res
1095 2394 1238 2494 gesserit

107 2510 360 2607 Octavianus,
387 2537 464 2587 non
489 2519 570 2585 tem
587 2511 741 2611 ancipiti
760 2522 921 2587 vexatus
939 2511 1112 2606 fortune,
1139 2536 1236 2611 quem

106 2656 176 2707 sue
200 2630 317 2730 ipsius
343 2631 494 2731 ignavie
519 2632 705 2727 perditus.
756 2629 803 2703 In
827 2633 910 2729 ipse
934 2632 1000 2704 illa
1016 2632 1120 2729 apud
1133 2630 1237 2726 llylu

105 2773 253 2851 pugna,
289 2773 366 2852 qua
392 2747 501 2822 Sext.
528 2745 750 2847 l’ompejum
782 2750 940 2841 devicit,
974 2758 1156 2846 (petentem
1178 2774 1236 2823 ex·

104 2870 345 2969 probrendee
360 2866 533 2967 ignaviae
549 2868 744 2941 materiam
769 2867 986 2964 praebuerit
1003 2868 1079 2965 ipsi
1099 2869 1151 2943 dl.
1168 2869 1235 2943 An·

104 2989 230 3081 tenio,
256 2988 422 3061 relatum
445 2985 605 3086 legimus
623 2987 723 3083 apud
749 2984 977 3060 Suetonimn
992 3010 1026 3060 e.
1049 2989 1112 3063 16.
1153 2987 1234 3081 Quid

102 3107 220 3206 igitur
243 3104 509 3197 verisimilius,
541 3128 657 3202 quem
682 3103 853 3179 cassium
877 3104 1130 3181 Palmensem
1153 3131 1234 3205 quo·

102 3249 180 3324 que
205 3223 290 3299 fuso
316 3223 466 3322 saepius
489 3219 694 3322 fugatoque
720 3220 928 3301 octaviano
957 3225 1139 3300 vereibsu
1161 3226 1234 3299 illu·

102 3345 197 3419 sisse
231 3339 389 3442 ejusque
422 3341 612 3442 ignaviam
652 3340 919 3440 fortunamque
947 3334 1233 3441 perstrinxisse?

100 3462 234 3558 Neque
270 3462 448 3557 cuiquem
481 3459 625 3535 mirum
658 3462 868 3555 videbitur,
905 3462 938 3534 si
962 3461 1232 3562 epigmmnnte,

100 3603 201 3678 quem
226 3579 268 3652 iu
294 3578 422 3653 Sicilie
448 3579 656 3676 composite
681 3588 825 3673 essent,
865 3579 1011 3655 Romae
1034 3581 1233 3657 innotesea-

99 3704 186 3773 rent
219 3705 259 3772 et
291 3697 397 3797 vulgi
430 3720 498 3771 ore
530 3720 575 3771 eo
607 3722 785 3774 somnone
818 3697 1126 3795 eelebrerentur,
1157 3722 1230 3775 um

99 3817 140 3890 in
167 3840 316 3890 semime
336 3817 426 3890 lieet
450 3815 592 3891 civium
617 3817 851 3892 dissensione
876 3824 1008 3891 ternen
1032 3844 1116 3893 non
1132 3838 1229 3894 omne

99 3935 291 4008 subletum
339 3941 441 4009 esset
490 3934 736 4032 epistolarum
776 3943 817 4010 et
859 3936 1165 4034 accipiendarum
1198 3940 1228 4008 el

87 4054 372 4128 ‚mittendarum
406 4052 691 4127 commercium.
751 4053 954 4130 Ceetennn
986 4054 1065 4129 hoo
1091 4072 1227 4154 qnoque

98 4172 332 4271 epigramma
357 4194 473 4245 nemo
497 4171 696 4273 indignum
721 4196 807 4248 esse
829 4169 1013 4273 judicabit
1026 4174 1227 4275 ingeniosi

97 4290 395 4366 doctrinaGessii
409 4287 566 4392 ejusque
581 4292 762 4367 edversru
772 4289 1023 4369 Octavianum
1037 4290 1227 4370 anime!-

198 4407 269 4482 111.
304 4408 383 4483 Sed
409 4411 514 4507 quod
539 4409 589 4483 ed
612 4410 679 4487 ille
699 4411 818 4488 verbe
842 4411 995 4503 attinet,
1017 4436 1123 4511 quoe
1139 4410 1227 4487 Sne·

95 4525 222 4598 tonius
247 4529 377 4623 prodit
394 4535 566 4626 tempore
581 4530 865 4628 proscriptionis
884 4530 933 4603 ed
949 4537 1116 4605 statuam
1129 4528 1226 4606 Oete·

95 4642 199 4720 vieni
231 4645 423 4743 adscripta
454 4645 593 4742 fuisse,
638 4672 774 4724 eorum
806 4655 1000 4724 duetorem
1024 4673 1108 4724 nen
1131 4666 1226 4753 pone

94 4758 229 4837 heberi
261 4760 507 4841 Per-mensem
540 4763 733 4863 Gessium,
775 4766 1018 4845 menifestum
1052 4776 1129 4845 est
1197 4760 1226 4839 1·
