2670 5294
94 662 173 741 299
454 686 505 737 ns
532 686 669 738 cassio
692 686 915 740 rasuram.

94 862 158 954 pta
183 852 279 947 sint,
319 874 398 925 non
432 850 684 948 improbabile
716 850 890 946 videtur,
929 852 1104 929 0010010
1129 850 1241 930 luisse

94 975 136 1049 in
161 972 315 1065 libello,
349 996 426 1070 quo
451 970 712 1046 Maecenatem
737 967 898 1071 ejusspse
920 973 1132 1047 mollitiem
1157 998 1241 1073 per·

94 1092 308 1169 strinxisset
332 1092 497 1165 mordax
512 1090 583 1165 iste
598 1098 636 1163 et
653 1089 860 1165 maledicus
878 1100 1019 1167 orator.
1070 1089 1113 1166 Is
1131 1092 1240 1187 enim,

94 1220 140 1288 ut
164 1212 264 1311 apud
289 1210 462 1285 Tacitum
486 1209 669 1309 legimus,
695 1210 801 1285 viros
825 1209 1065 1309 feminasque
1079 1211 1240 1287 illustres

94 1330 318 1433 procacibus
343 1329 489 1428 scriptis
504 1324 701 1404 diffamare
716 1329 875 1405 solebat.
929 1331 1138 1407 Gaetensm
1154 1330 1241 1407 haec

97 1449 215 1526 Cassii
247 1446 382 1524 Severi
406 1448 525 1525 verba
556 1454 595 1523 et
619 1472 720 1546 (prae
745 1472 799 1524 ex
824 1474 940 1550 opere
965 1451 1014 1524 ad
1042 1448 1241 1525 Tiberim

95 1570 305 1671 allegantem
338 1566 493 1641 fraenant
516 1567 583 1665 qui
614 1568 720 1667 turpi
745 1592 877 1644 errore
902 1568 1033 1645 Cassio
1058 1570 1241 1645 Heminae

95 1690 326 1782 tribuerent,
366 1692 410 1759 ut
440 1683 519 1787 jam
551 1694 730 1761 notanmt
756 1686 804 1762 G.
829 1686 865 1762 J.
889 1688 1044 1764 Vossius
1069 1690 1124 1763 de
1149 1688 1240 1763 Ilist.

95 1807 181 1884 Lat.
214 1805 321 1881 Libr.
341 1804 374 1880 Ι.
410 1830 444 1881 0.
468 1809 506 1879 7.
533 1804 582 1878 Τ.
601 1804 669 1880 IV.
696 1832 734 1905 p.
757 1809 795 1882 9.
822 1804 923 1907 0pp.
959 1815 1000 1881 et
1024 1808 1240 1883 Ilarduinus

95 1929 137 2003 in
170 1924 256 2002 Iud.
289 1927 446 2001 Auctor.
479 1923 642 1998 Plinian.
677 1926 726 1999 Τ.
751 1926 800 1999 X.
835 1953 876 2026 p.
895 1929 984 2002 288.
1009 1926 1080 2002 Fz.
1143 1928 1240 2022 Quae

95 2047 308 2123 Priscianus
332 2045 441 2118 Libr.
459 2042 565 2117 VIII.
591 2068 631 2142 p.
646 2045 736 2119 791.
754 2046 799 2118 Ρ.
826 2047 878 2143 (c.
895 2047 932 2121 4.
958 2056 990 2136 1.
1013 2046 1075 2121 15.
1102 2048 1239 2147 pilad-

96 2166 184 2261 Kr.)
220 2162 385 2262 profert:
429 2161 610 2255 „Cassius
643 2162 836 2238 similiter:
870 2164 1109 2266 adulat-ipae
1134 2166 1240 2239 ’00001

96 2284 147 2357 ab
173 2280 311 2355 amabis
336 2293 375 2355 et
399 2279 618 2355 adhortati.
668 2280 845 2378 Adulati,
872 2290 1153 2380 κολακευθέντες,
1177 2284 1238 2359 ad·

96 2401 257 2495 hortati,
284 2403 574 2496 npospcus'vcsc;“
608 2424 655 2475 ea
678 2401 812 2476 malim
836 2402 878 2476 in
904 2401 1021 2477 Cassii
1045 2404 1237 2494 Heminae,

97 2546 213 2625 quam
238 2546 326 2597 cum
341 2515 493 2620 Maffejo
520 2526 558 2593 et
574 2520 731 2615 Meyero
756 2522 797 2594 in
814 2520 933 2596 Cassii
949 2524 1118 2598 oratoris
1134 2524 1164 2598 F
1164 2547 1239 2624 rag·

96 2641 234 2718 mentis
258 2641 395 2739 reponi
404 2639 461 2737 ¹⁵).
523 2636 603 2712 Sed
636 2635 720 2739 jure
745 2640 968 2716 attributum
996 2665 1138 2718 censeo
1163 2664 1240 2717 ora·

97 2762 172 2837 tori
196 2761 302 2860 quod
326 2760 543 2835 invenimus
569 2759 670 2857 apud
689 2758 916 2835 Diomedem
942 2762 989 2836 de
1014 2786 1054 2836 v.
1081 2760 1239 2850 samaa,

97 2906 136 2981 p.
156 2881 247 2954 388.
263 2878 308 2954 P.
333 2887 401 2974 „et
425 2880 466 2952 in
492 2878 641 2975 passivo
662 2876 811 2953 Cassius
828 2877 1018 2973 sevena,
1043 2881 1129 2975 lege
1154 2904 1240 2954 san·

98 2998 316 3090 0110000001,
350 2996 522 3096 inquit:“
557 3003 597 3069 et
629 2996 773 3069 ibidem
799 3023 838 3096 p.
856 2998 945 3071 372.
967 2996 1011 3070 Ρ.
1038 2997 1240 3092 „Serenus

97 3116 320 3192 Distractos
344 3127 462 3213 atque
486 3112 666 3187 00111005ί
716 3115 859 3207 Quodsi
883 3140 977 3191 vero
1001 3115 1177 3219 Mall'ejus
1201 3116 1242 3190 ad

98 3234 278 3311 eumdem
302 3235 432 3308 retrdit
457 3257 510 3309 ex
524 3233 683 3309 Charisii
708 3232 817 3307 Libr.
834 3233 866 3307 I.
891 3262 932 3335 p.
949 3235 1013 3309 99.
1031 3234 1076 3308 Ρ.
1105 3235 1244 3331 „Deni-

97 3376 175 3451 que
210 3360 252 3427 et
288 3350 331 3425 G.
358 3351 507 3426 Cassius
540 3352 584 3425 in
619 3352 800 3452 epistola,
835 3378 952 3453 quam
976 3356 1025 3429 de
1050 3354 1245 3431 Dolabella

97 3472 264 3570 scripsit,
307 3469 441 3544 Arabi
468 3468 637 3569 mirifico
670 3470 805 3547 animo
836 3498 931 3569 erga
962 3498 1038 3548 nos
1058 3474 1245 3573 suamet,

97 3588 271 3689 inquit;“
304 3612 384 3665 non
409 3590 588 3682 attendit,
623 3589 713 3664 huic
742 3592 872 3667 Cassio
896 3615 1136 3692 praenomen
1164 3590 1248 3687 Caii

97 3708 316 3810 praefixum
341 3732 438 3784 esse.
488 3707 624 3804 Addo,
658 3708 854 3786 Dolabella
879 3710 1248 3804 vivente,'Gassium

98 3836 291 3905 oratorem
315 3828 522 3928 puerulum
547 3828 672 3903 adhuc
705 3827 834 3905 luisse.
894 3832 1014 3905 Recte
1037 3830 1248 3907 Kordesius

99 3948 240 4023 ducem
275 3948 484 4046 quemdam
519 3946 612 4021 belli
643 3948 933 4050 intelligendum
965 3972 1052 4023 esse
1093 3948 1247 4041 0000011,

98 4072 139 4141 01
160 4066 297 4165 procul
321 4064 440 4141 dnbio
463 4064 529 4139 ille
555 4073 615 4140 est
642 4066 684 4144 G.
703 4065 877 4163 Cassius,
904 4069 967 4143 cui
984 4068 1134 4143 bellum
1160 4092 1248 4145 ocn-

34 4202 41 4213 '
96 4190 160 4261 tra
174 4184 433 4280 Dolabellarn,
461 4184 659 4260 Trebonio
676 4185 827 4281 occiso,
854 4186 1008 4262 hostem
1024 4183 1248 4286 judicatum,

96 4304 319 4381 masam
348 4302 495 4381 luerats
527 4328 567 4379 v.
592 4303 667 4379 Dio
693 4302 797 4380 Cass.
823 4306 931 4381 Libr.
948 4304 1108 4380 XLVII.
1134 4328 1170 4380 0.
1190 4304 1248 4379 29.

97 4417 295 4521 Appinurs
329 4424 380 4501 (10
418 4422 466 4499 Β.
500 4422 785 4499 ennam.
823 4426 951 4501 061.
985 4432 1024 4499 et
1059 4424 1126 4503 83.
1192 4422 1248 4499 Ad

100 4594 311 4613 *0-1-

185 4698 241 4771 15)
267 4690 386 4757 Mean
413 4698 575 4759 0001001100
597 4698 682 4760 video
708 4694 905 4775 Kraussium,
939 4699 990 4775 qui
1021 4698 1076 4758 ills
1105 4665 1195 4760 verbs
1223 4698 1250 4757 in

97 4776 216 4849 m
236 4780 337 4855 000011
357 4776 500 4845 uentu·
518 4781 704 4863 Fuga-sn
724 4786 888 4863 reposuerit
908 4784 931 4845 l.
945 4804 972 4845 c.
994 4806 1026 4861 p.
1047 4788 1121 4849 165.
