<?xml version="1.0" encoding="UTF-8"?>
<!DOCTYPE html PUBLIC "-//W3C//DTD XHTML 1.0 Transitional//EN"
    "http://www.w3.org/TR/xhtml1/DTD/xhtml1-transitional.dtd">
<html xmlns="http://www.w3.org/1999/xhtml" xml:lang="en" lang="en">
 <head>
  <title>
</title>
<meta http-equiv="Content-Type" content="text/html;charset=utf-8" />
  <meta name='ocr-system' content='tesseract 3.04.00' />
  <meta name='ocr-capabilities' content='ocr_page ocr_carea ocr_par ocr_line ocrx_word'/>
</head>
<body>
  <div class='ocr_page' id='page_1' title='image "./deluciivariietc00weicgoog_0106.png"; bbox 0 0 2670 5294; ppageno 0'>
   <div class='ocr_carea' id='block_1_1' title="bbox 150 714 938 809">
    <p class='ocr_par' dir='ltr' id='par_1_1' title="bbox 150 714 938 809">
     <span class='ocr_line' id='line_1_1' title="bbox 150 714 938 809; baseline -0.003 -17"><span class='ocrx_word' id='word_1_1' title='bbox 150 714 202 792; x_wconf 81' lang='lat'><strong>84</strong></span> <span class='ocrx_word' id='word_1_2' title='bbox 472 794 479 809; x_wconf 45' lang='grc'>,</span> <span class='ocrx_word' id='word_1_3' title='bbox 505 736 557 787; x_wconf 81' lang='lat' dir='ltr'><strong>ur</strong></span> <span class='ocrx_word' id='word_1_4' title='bbox 583 736 620 787; x_wconf 82' lang='lat' dir='ltr'><strong>n.</strong></span> <span class='ocrx_word' id='word_1_5' title='bbox 636 736 763 789; x_wconf 82' lang='lat' dir='ltr'><strong>mro</strong></span> <span class='ocrx_word' id='word_1_6' title='bbox 789 734 938 789; x_wconf 78' lang='lat' dir='ltr'><strong>rom·</strong></span> 
     </span>
    </p>
   </div>
   <div class='ocr_carea' id='block_1_2' title="bbox 149 896 1293 2668">
    <p class='ocr_par' dir='ltr' id='par_1_2' title="bbox 199 896 1124 1002">
     <span class='ocr_line' id='line_1_2' title="bbox 199 896 1124 1002; baseline 0 -25"><span class='ocrx_word' id='word_1_7' title='bbox 199 900 281 994; x_wconf 82' lang='lat' dir='ltr'><strong>Ne,</strong></span> <span class='ocrx_word' id='word_1_8' title='bbox 305 898 473 1001; x_wconf 81' lang='lat' dir='ltr'><strong>eisorta</strong></span> <span class='ocrx_word' id='word_1_9' title='bbox 496 924 595 976; x_wconf 70' lang='lat' dir='ltr'><strong>uras</strong></span> <span class='ocrx_word' id='word_1_10' title='bbox 618 896 828 1002; x_wconf 73' lang='lat' dir='ltr'><strong>repetitam</strong></span> <span class='ocrx_word' id='word_1_11' title='bbox 851 898 1002 976; x_wconf 75' lang='lat' dir='ltr'><strong>merit</strong></span> <span class='ocrx_word' id='word_1_12' title='bbox 1025 899 1124 977; x_wconf 70' lang='lat' dir='ltr'><strong>olim</strong></span> 
     </span>
    </p>

    <p class='ocr_par' dir='ltr' id='par_1_3' title="bbox 204 1018 1237 1121">
     <span class='ocr_line' id='line_1_3' title="bbox 204 1018 1237 1121; baseline 0.003 -25"><span class='ocrx_word' id='word_1_13' title='bbox 204 1021 314 1096; x_wconf 71' lang='lat' dir='ltr'><strong>Gm‘</strong></span> <span class='ocrx_word' id='word_1_14' title='bbox 336 1018 475 1094; x_wconf 74' lang='lat' dir='ltr'><strong>ovisae</strong></span> <span class='ocrx_word' id='word_1_15' title='bbox 498 1020 678 1121; x_wconf 80' lang='lat' dir='ltr'><strong>plumea,</strong></span> <span class='ocrx_word' id='word_1_16' title='bbox 702 1028 859 1096; x_wconf 74' lang='lat' dir='ltr'><strong>moveat</strong></span> <span class='ocrx_word' id='word_1_17' title='bbox 881 1020 1088 1097; x_wconf 77' lang='lat' dir='ltr'><strong>cornicula</strong></span> <span class='ocrx_word' id='word_1_18' title='bbox 1111 1018 1237 1099; x_wconf 73' lang='lat' dir='ltr'><strong>risum</strong></span> 
     </span>
    </p>

    <p class='ocr_par' dir='ltr' id='par_1_4' title="bbox 149 1136 1293 2548">
     <span class='ocr_line' id='line_1_4' title="bbox 201 1136 792 1215; baseline 0.002 -2"><span class='ocrx_word' id='word_1_19' title='bbox 201 1137 381 1214; x_wconf 63' lang='lat' dir='ltr'><strong>Furtivae</strong></span> <span class='ocrx_word' id='word_1_20' title='bbox 405 1140 562 1214; x_wconf 67' lang='lat' dir='ltr'><strong>mata</strong></span> <span class='ocrx_word' id='word_1_21' title='bbox 586 1136 792 1215; x_wconf 72' lang='lat' dir='ltr'><strong>salaribus.</strong></span> 
     </span>
     <span class='ocr_line' id='line_1_5' title="bbox 150 1257 1286 1359; baseline 0.002 -25"><span class='ocrx_word' id='word_1_22' title='bbox 150 1258 250 1335; x_wconf 83' lang='lat' dir='ltr'><strong>ane</strong></span> <span class='ocrx_word' id='word_1_23' title='bbox 274 1258 468 1359; x_wconf 74' lang='lat' dir='ltr'>Augustae</span> <span class='ocrx_word' id='word_1_24' title='bbox 493 1260 631 1333; x_wconf 88' lang='lat' dir='ltr'><strong>domus</strong></span> <span class='ocrx_word' id='word_1_25' title='bbox 655 1257 875 1354; x_wconf 87' lang='lat' dir='ltr'><strong>hominem,</strong></span> <span class='ocrx_word' id='word_1_26' title='bbox 909 1259 976 1359; x_wconf 89' lang='lat' dir='ltr'><strong>qui</strong></span> <span class='ocrx_word' id='word_1_27' title='bbox 1001 1259 1286 1335; x_wconf 75' lang='lat' dir='ltr'><strong>clarissimam</strong></span> 
     </span>
     <span class='ocr_line' id='line_1_6' title="bbox 151 1378 1287 1478; baseline -0.001 -25"><span class='ocrx_word' id='word_1_28' title='bbox 151 1378 290 1454; x_wconf 86' lang='lat' dir='ltr'><strong>serinia</strong></span> <span class='ocrx_word' id='word_1_29' title='bbox 325 1386 527 1476; x_wconf 81' lang='lat' dir='ltr'><strong>poetanrm</strong></span> <span class='ocrx_word' id='word_1_30' title='bbox 559 1386 640 1453; x_wconf 86' lang='lat' dir='ltr'><strong>tam</strong></span> <span class='ocrx_word' id='word_1_31' title='bbox 672 1378 916 1477; x_wconf 92' lang='lat' dir='ltr'><strong>impudenter</strong></span> <span class='ocrx_word' id='word_1_32' title='bbox 948 1380 1211 1478; x_wconf 76' lang='lat' dir='ltr'><strong>expilaverat,</strong></span> <span class='ocrx_word' id='word_1_33' title='bbox 1252 1386 1287 1452; x_wconf 88' lang='lat' dir='ltr'><strong>ut</strong></span> 
     </span>
     <span class='ocr_line' id='line_1_7' title="bbox 149 1497 1287 1598; baseline 0.003 -26"><span class='ocrx_word' id='word_1_34' title='bbox 149 1497 345 1590; x_wconf 82' lang='lat' dir='ltr'>Horatius,</span> <span class='ocrx_word' id='word_1_35' title='bbox 379 1497 570 1572; x_wconf 86' lang='lat' dir='ltr'><strong>liberioris</strong></span> <span class='ocrx_word' id='word_1_36' title='bbox 593 1498 726 1597; x_wconf 90' lang='lat' dir='ltr'><strong>utique</strong></span> <span class='ocrx_word' id='word_1_37' title='bbox 750 1504 867 1596; x_wconf 88' lang='lat' dir='ltr'><strong>poeta</strong></span> <span class='ocrx_word' id='word_1_38' title='bbox 890 1497 990 1593; x_wconf 85' lang='lat' dir='ltr'><strong>oris,</strong></span> <span class='ocrx_word' id='word_1_39' title='bbox 1022 1498 1181 1598; x_wconf 86' lang='lat' dir='ltr'><strong>publiea</strong></span> <span class='ocrx_word' id='word_1_40' title='bbox 1212 1523 1287 1574; x_wconf 76' lang='lat' dir='ltr'><strong>eruo</strong></span> 
     </span>
     <span class='ocr_line' id='line_1_8' title="bbox 150 1613 1289 1712; baseline -0.001 -20"><span class='ocrx_word' id='word_1_41' title='bbox 150 1617 339 1692; x_wconf 88' lang='lat' dir='ltr'><strong>derideret</strong></span> <span class='ocrx_word' id='word_1_42' title='bbox 346 1613 406 1712; x_wconf 59' lang='lat' dir='ltr'><strong>P).</strong></span> <span class='ocrx_word' id='word_1_43' title='bbox 456 1614 537 1692; x_wconf 88' lang='lat' dir='ltr'><strong>Nee</strong></span> <span class='ocrx_word' id='word_1_44' title='bbox 558 1616 844 1692; x_wconf 81' lang='lat' dir='ltr'><strong>rereermdioris</strong></span> <span class='ocrx_word' id='word_1_45' title='bbox 868 1614 1031 1693; x_wconf 83' lang='lat' dir='ltr'><strong>fortasse</strong></span> <span class='ocrx_word' id='word_1_46' title='bbox 1054 1615 1198 1693; x_wconf 70' lang='lat' dir='ltr'><strong>fronte</strong></span> <span class='ocrx_word' id='word_1_47' title='bbox 1219 1625 1289 1694; x_wconf 90' lang='lat' dir='ltr'><strong>erat</strong></span> 
     </span>
     <span class='ocr_line' id='line_1_9' title="bbox 150 1732 1290 1841; baseline 0.003 -31"><span class='ocrx_word' id='word_1_48' title='bbox 150 1736 225 1810; x_wconf 84' lang='lat' dir='ltr'><strong>iste</strong></span> <span class='ocrx_word' id='word_1_49' title='bbox 257 1735 303 1828; x_wconf 78' lang='lat' dir='ltr'><strong>Q.</strong></span> <span class='ocrx_word' id='word_1_50' title='bbox 338 1732 477 1809; x_wconf 85' lang='lat' dir='ltr'><strong>Varus.</strong></span> <span class='ocrx_word' id='word_1_51' title='bbox 537 1734 577 1809; x_wconf 91' lang='lat' dir='ltr'><strong>Is</strong></span> <span class='ocrx_word' id='word_1_52' title='bbox 610 1734 821 1836; x_wconf 85' lang='lat' dir='ltr'><strong>pinguioris</strong></span> <span class='ocrx_word' id='word_1_53' title='bbox 853 1734 945 1811; x_wconf 88' lang='lat' dir='ltr'><strong>lieet</strong></span> <span class='ocrx_word' id='word_1_54' title='bbox 985 1734 1104 1812; x_wconf 90' lang='lat' dir='ltr'><strong>homo</strong></span> <span class='ocrx_word' id='word_1_55' title='bbox 1144 1736 1290 1841; x_wconf 77' lang='lat' dir='ltr'><strong>ingenit,</strong></span> 
     </span>
     <span class='ocr_line' id='line_1_10' title="bbox 150 1852 1289 1953; baseline 0.001 -24"><span class='ocrx_word' id='word_1_56' title='bbox 150 1863 280 1929; x_wconf 88' lang='lat' dir='ltr'><strong>tamen</strong></span> <span class='ocrx_word' id='word_1_57' title='bbox 311 1855 503 1953; x_wconf 87' lang='lat' dir='ltr'><strong>poetieam</strong></span> <span class='ocrx_word' id='word_1_58' title='bbox 536 1854 660 1927; x_wconf 86' lang='lat' dir='ltr'><strong>Asinii</strong></span> <span class='ocrx_word' id='word_1_59' title='bbox 690 1853 874 1929; x_wconf 86' lang='lat' dir='ltr'><strong>Pollionis</strong></span> <span class='ocrx_word' id='word_1_60' title='bbox 907 1862 949 1931; x_wconf 89' lang='lat' dir='ltr'><strong>et</strong></span> <span class='ocrx_word' id='word_1_61' title='bbox 982 1852 1155 1930; x_wconf 82' lang='lat' dir='ltr'><strong>Gemelli</strong></span> <span class='ocrx_word' id='word_1_62' title='bbox 1187 1856 1289 1949; x_wconf 85' lang='lat' dir='ltr'><strong>Galli,</strong></span> 
     </span>
     <span class='ocr_line' id='line_1_11' title="bbox 151 1971 1293 2073; baseline 0.001 -25"><span class='ocrx_word' id='word_1_63' title='bbox 151 1974 370 2073; x_wconf 76' lang='lat' dir='ltr'><strong>aeprelium</strong></span> <span class='ocrx_word' id='word_1_64' title='bbox 398 1974 442 2048; x_wconf 91' lang='lat' dir='ltr'><strong>in</strong></span> <span class='ocrx_word' id='word_1_65' title='bbox 467 1972 591 2049; x_wconf 89' lang='lat' dir='ltr'><strong>Gallia</strong></span> <span class='ocrx_word' id='word_1_66' title='bbox 615 1971 805 2073; x_wconf 75' lang='lat' dir='ltr'><strong>Cisalpina</strong></span> <span class='ocrx_word' id='word_1_67' title='bbox 829 1973 924 2049; x_wconf 87' lang='lat' dir='ltr'><strong>belli</strong></span> <span class='ocrx_word' id='word_1_68' title='bbox 949 1975 1112 2069; x_wconf 89' lang='lat' dir='ltr'><strong>dueum,</strong></span> <span class='ocrx_word' id='word_1_69' title='bbox 1147 1975 1293 2049; x_wconf 88' lang='lat' dir='ltr'><strong>laudern</strong></span> 
     </span>
     <span class='ocr_line' id='line_1_12' title="bbox 150 2091 1292 2188; baseline 0 -21"><span class='ocrx_word' id='word_1_70' title='bbox 150 2091 310 2167; x_wconf 81' lang='lat' dir='ltr'><strong>forsitan</strong></span> <span class='ocrx_word' id='word_1_71' title='bbox 341 2094 573 2188; x_wconf 81' lang='lat' dir='ltr'><strong>aemulatus,</strong></span> <span class='ocrx_word' id='word_1_72' title='bbox 611 2100 717 2167; x_wconf 85' lang='lat' dir='ltr'><strong>tanto</strong></span> <span class='ocrx_word' id='word_1_73' title='bbox 751 2093 881 2167; x_wconf 88' lang='lat' dir='ltr'><strong>minus</strong></span> <span class='ocrx_word' id='word_1_74' title='bbox 906 2093 1151 2170; x_wconf 80' lang='lat' dir='ltr'><strong>dubitaverat</strong></span> <span class='ocrx_word' id='word_1_75' title='bbox 1174 2094 1292 2169; x_wconf 82' lang='lat' dir='ltr'><strong>oblata</strong></span> 
     </span>
     <span class='ocr_line' id='line_1_13' title="bbox 152 2210 1293 2315; baseline 0.004 -31"><span class='ocrx_word' id='word_1_76' title='bbox 152 2211 225 2284; x_wconf 90' lang='lat' dir='ltr'><strong>sibi</strong></span> <span class='ocrx_word' id='word_1_77' title='bbox 250 2211 399 2310; x_wconf 86' lang='lat' dir='ltr'><strong>seriptis</strong></span> <span class='ocrx_word' id='word_1_78' title='bbox 415 2210 680 2287; x_wconf 87' lang='lat' dir='ltr'><strong>innoteseendi</strong></span> <span class='ocrx_word' id='word_1_79' title='bbox 697 2212 898 2287; x_wconf 83' lang='lat' dir='ltr'><strong>oceasione</strong></span> <span class='ocrx_word' id='word_1_80' title='bbox 913 2212 970 2286; x_wconf 87' lang='lat' dir='ltr'><strong>uti</strong></span> <span class='ocrx_word' id='word_1_81' title='bbox 978 2264 990 2306; x_wconf 93' lang='lat'><strong>,</strong></span> <span class='ocrx_word' id='word_1_82' title='bbox 1017 2220 1167 2311; x_wconf 84' lang='lat' dir='ltr'><strong>quante</strong></span> <span class='ocrx_word' id='word_1_83' title='bbox 1182 2212 1293 2315; x_wconf 78' lang='lat' dir='ltr'><strong>magis</strong></span> 
     </span>
     <span class='ocr_line' id='line_1_14' title="bbox 151 2328 1292 2428; baseline 0.001 -25"><span class='ocrx_word' id='word_1_84' title='bbox 151 2353 307 2427; x_wconf 88' lang='lat' dir='ltr'><strong>sperare</strong></span> <span class='ocrx_word' id='word_1_85' title='bbox 331 2336 531 2428; x_wconf 74' lang='lat' dir='ltr'><strong>pausarat,</strong></span> <span class='ocrx_word' id='word_1_86' title='bbox 556 2328 661 2426; x_wconf 84' lang='lat' dir='ltr'><strong>lore,</strong></span> <span class='ocrx_word' id='word_1_87' title='bbox 686 2338 750 2425; x_wconf 88' lang='lat' dir='ltr'><strong>ut,</strong></span> <span class='ocrx_word' id='word_1_88' title='bbox 774 2338 911 2407; x_wconf 80' lang='lat' dir='ltr'><strong>necato</strong></span> <span class='ocrx_word' id='word_1_89' title='bbox 934 2329 1065 2406; x_wconf 84' lang='lat' dir='ltr'><strong>Cassio</strong></span> <span class='ocrx_word' id='word_1_90' title='bbox 1088 2330 1292 2425; x_wconf 78' lang='lat' dir='ltr'><strong>Parmensi,</strong></span> 
     </span>
     <span class='ocr_line' id='line_1_15' title="bbox 152 2446 1096 2548; baseline 0.001 -24"><span class='ocrx_word' id='word_1_91' title='bbox 152 2455 275 2524; x_wconf 78' lang='lat' dir='ltr'><strong>totam</strong></span> <span class='ocrx_word' id='word_1_92' title='bbox 299 2448 400 2525; x_wconf 89' lang='lat' dir='ltr'><strong>haue</strong></span> <span class='ocrx_word' id='word_1_93' title='bbox 423 2447 598 2523; x_wconf 78' lang='lat' dir='ltr'><strong>fraudem</strong></span> <span class='ocrx_word' id='word_1_94' title='bbox 622 2446 714 2524; x_wconf 76' lang='lat' dir='ltr'><strong>suo&#39;s</strong></span> <span class='ocrx_word' id='word_1_95' title='bbox 740 2449 882 2525; x_wconf 85' lang='lat' dir='ltr'><strong>oelaret</strong></span> <span class='ocrx_word' id='word_1_96' title='bbox 905 2450 1096 2548; x_wconf 79' lang='lat' dir='ltr'><strong>aequales.</strong></span> 
     </span>
    </p>

    <p class='ocr_par' dir='ltr' id='par_1_5' title="bbox 256 2565 1291 2668">
     <span class='ocr_line' id='line_1_16' title="bbox 256 2565 1291 2668; baseline 0 -26"><span class='ocrx_word' id='word_1_97' title='bbox 256 2565 337 2643; x_wconf 87' lang='lat' dir='ltr'><strong>Sed</strong></span> <span class='ocrx_word' id='word_1_98' title='bbox 369 2568 494 2643; x_wconf 90' lang='lat' dir='ltr'><strong>omnis</strong></span> <span class='ocrx_word' id='word_1_99' title='bbox 527 2566 622 2643; x_wconf 87' lang='lat' dir='ltr'><strong>haee</strong></span> <span class='ocrx_word' id='word_1_100' title='bbox 655 2568 878 2668; x_wconf 81' lang='lat' dir='ltr'><strong>disputatio,</strong></span> <span class='ocrx_word' id='word_1_101' title='bbox 921 2567 1065 2662; x_wconf 81' lang='lat' dir='ltr'><strong>fateor,</strong></span> <span class='ocrx_word' id='word_1_102' title='bbox 1099 2567 1291 2668; x_wconf 87' lang='lat' dir='ltr'><strong>opinabilis</strong></span> 
     </span>
    </p>
   </div>
   <div class='ocr_carea' id='block_1_3' title="bbox 152 2683 1294 3503">
    <p class='ocr_par' dir='ltr' id='par_1_6' title="bbox 152 2683 1294 3503">
     <span class='ocr_line' id='line_1_17' title="bbox 153 2683 1293 2789; baseline -0.001 -25"><span class='ocrx_word' id='word_1_103' title='bbox 153 2694 214 2764; x_wconf 89' lang='lat' dir='ltr'><strong>est</strong></span> <span class='ocrx_word' id='word_1_104' title='bbox 246 2695 285 2762; x_wconf 87' lang='lat' dir='ltr'><strong>et</strong></span> <span class='ocrx_word' id='word_1_105' title='bbox 317 2683 547 2788; x_wconf 78' lang='lat' dir='ltr'><strong>conjecturis</strong></span> <span class='ocrx_word' id='word_1_106' title='bbox 579 2686 728 2780; x_wconf 88' lang='lat' dir='ltr'><strong>nititur,</strong></span> <span class='ocrx_word' id='word_1_107' title='bbox 761 2687 866 2761; x_wconf 86' lang='lat' dir='ltr'><strong>ultra</strong></span> <span class='ocrx_word' id='word_1_108' title='bbox 900 2710 995 2786; x_wconf 84' lang='lat' dir='ltr'><strong>quas</strong></span> <span class='ocrx_word' id='word_1_109' title='bbox 1019 2687 1205 2789; x_wconf 78' lang='lat' dir='ltr'><strong>progredi</strong></span> <span class='ocrx_word' id='word_1_110' title='bbox 1228 2688 1293 2763; x_wconf 89' lang='lat' dir='ltr'><strong>mi·</strong></span> 
     </span>
     <span class='ocr_line' id='line_1_18' title="bbox 152 2802 1293 2906; baseline 0.001 -25"><span class='ocrx_word' id='word_1_111' title='bbox 152 2807 257 2883; x_wconf 87' lang='lat' dir='ltr'><strong>nime</strong></span> <span class='ocrx_word' id='word_1_112' title='bbox 281 2803 338 2881; x_wconf 86' lang='lat' dir='ltr'><strong>las</strong></span> <span class='ocrx_word' id='word_1_113' title='bbox 363 2814 435 2881; x_wconf 87' lang='lat' dir='ltr'><strong>est.</strong></span> <span class='ocrx_word' id='word_1_114' title='bbox 494 2805 686 2905; x_wconf 72' lang='lat' dir='ltr'><strong>Qrddprid</strong></span> <span class='ocrx_word' id='word_1_115' title='bbox 713 2802 795 2906; x_wconf 87' lang='lat' dir='ltr'><strong>ejus</strong></span> <span class='ocrx_word' id='word_1_116' title='bbox 819 2806 878 2880; x_wconf 89' lang='lat' dir='ltr'><strong>rei</strong></span> <span class='ocrx_word' id='word_1_117' title='bbox 902 2814 980 2901; x_wconf 88' lang='lat' dir='ltr'><strong>est,</strong></span> <span class='ocrx_word' id='word_1_118' title='bbox 1018 2806 1060 2901; x_wconf 84' lang='lat' dir='ltr'><strong>id</strong></span> <span class='ocrx_word' id='word_1_119' title='bbox 1083 2814 1220 2881; x_wconf 87' lang='lat' dir='ltr'><strong>tamen</strong></span> <span class='ocrx_word' id='word_1_120' title='bbox 1240 2805 1293 2882; x_wconf 84' lang='lat' dir='ltr'><strong>vi·</strong></span> 
     </span>
     <span class='ocr_line' id='line_1_19' title="bbox 153 2923 1294 3023; baseline -0.002 -22"><span class='ocrx_word' id='word_1_121' title='bbox 153 2928 264 3001; x_wconf 78' lang='lat' dir='ltr'><strong>detru-</strong></span> <span class='ocrx_word' id='word_1_122' title='bbox 287 2932 433 3000; x_wconf 87' lang='lat' dir='ltr'><strong>oertmn</strong></span> <span class='ocrx_word' id='word_1_123' title='bbox 457 2948 541 2999; x_wconf 85' lang='lat' dir='ltr'><strong>esse</strong></span> <span class='ocrx_word' id='word_1_124' title='bbox 566 2933 683 3023; x_wconf 85' lang='lat' dir='ltr'><strong>atque</strong></span> <span class='ocrx_word' id='word_1_125' title='bbox 698 2925 877 3019; x_wconf 85' lang='lat' dir='ltr'><strong>evidens,</strong></span> <span class='ocrx_word' id='word_1_126' title='bbox 905 2923 952 2999; x_wconf 89' lang='lat' dir='ltr'><strong>L.</strong></span> <span class='ocrx_word' id='word_1_127' title='bbox 967 2923 1128 2999; x_wconf 87' lang='lat' dir='ltr'><strong>Varium</strong></span> <span class='ocrx_word' id='word_1_128' title='bbox 1141 2925 1294 3001; x_wconf 86' lang='lat' dir='ltr'><strong>Poetem</strong></span> 
     </span>
     <span class='ocr_line' id='line_1_20' title="bbox 152 3032 1293 3149; baseline 0.002 -31"><span class='ocrx_word' id='word_1_129' title='bbox 152 3052 234 3118; x_wconf 90' lang='lat' dir='ltr'><strong>tam</strong></span> <span class='ocrx_word' id='word_1_130' title='bbox 266 3042 383 3117; x_wconf 88' lang='lat' dir='ltr'><strong>foedo</strong></span> <span class='ocrx_word' id='word_1_131' title='bbox 416 3042 543 3116; x_wconf 89' lang='lat' dir='ltr'><strong>eaedis</strong></span> <span class='ocrx_word' id='word_1_132' title='bbox 577 3042 748 3141; x_wconf 74' lang='lat' dir='ltr'><strong>fiatiqm</strong></span> <span class='ocrx_word' id='word_1_133' title='bbox 778 3032 939 3149; x_wconf 82' lang='lat' dir='ltr'><strong>eriurine</strong></span> <span class='ocrx_word' id='word_1_134' title='bbox 962 3042 1181 3119; x_wconf 88' lang='lat' dir='ltr'><strong>immunem</strong></span> <span class='ocrx_word' id='word_1_135' title='bbox 1205 3066 1293 3121; x_wconf 85' lang='lat' dir='ltr'><strong>essa.</strong></span> 
     </span>
     <span class='ocr_line' id='line_1_21' title="bbox 153 3159 1293 3257; baseline 0.004 -23"><span class='ocrx_word' id='word_1_136' title='bbox 153 3162 255 3255; x_wconf 74' lang='lat' dir='ltr'><strong>Quid</strong></span> <span class='ocrx_word' id='word_1_137' title='bbox 279 3159 403 3254; x_wconf 89' lang='lat' dir='ltr'><strong>enim,</strong></span> <span class='ocrx_word' id='word_1_138' title='bbox 429 3182 569 3236; x_wconf 81' lang='lat' dir='ltr'><strong>verum</strong></span> <span class='ocrx_word' id='word_1_139' title='bbox 593 3159 627 3234; x_wconf 84' lang='lat' dir='ltr'><strong>si</strong></span> <span class='ocrx_word' id='word_1_140' title='bbox 651 3162 831 3236; x_wconf 84' lang='lat' dir='ltr'><strong>volumus</strong></span> <span class='ocrx_word' id='word_1_141' title='bbox 847 3161 980 3257; x_wconf 86' lang='lat' dir='ltr'><strong>fateri,</strong></span> <span class='ocrx_word' id='word_1_142' title='bbox 1004 3162 1046 3236; x_wconf 92' lang='lat' dir='ltr'><strong>in</strong></span> <span class='ocrx_word' id='word_1_143' title='bbox 1064 3160 1293 3239; x_wconf 79' lang='lat' dir='ltr'><strong>Scholiasta·</strong></span> 
     </span>
     <span class='ocr_line' id='line_1_22' title="bbox 152 3278 1294 3385; baseline 0.004 -31"><span class='ocrx_word' id='word_1_144' title='bbox 152 3304 242 3354; x_wconf 90' lang='lat' dir='ltr'><strong>rum</strong></span> <span class='ocrx_word' id='word_1_145' title='bbox 271 3279 491 3354; x_wconf 82' lang='lat' dir='ltr'><strong>narratione</strong></span> <span class='ocrx_word' id='word_1_146' title='bbox 531 3278 653 3374; x_wconf 81' lang='lat' dir='ltr'><strong>inest,</strong></span> <span class='ocrx_word' id='word_1_147' title='bbox 693 3282 796 3379; x_wconf 88' lang='lat' dir='ltr'><strong>quod</strong></span> <span class='ocrx_word' id='word_1_148' title='bbox 828 3306 900 3355; x_wconf 87' lang='lat' dir='ltr'><strong>uos</strong></span> <span class='ocrx_word' id='word_1_149' title='bbox 935 3278 1065 3385; x_wconf 85' lang='lat' dir='ltr'><strong>jubeat</strong></span> <span class='ocrx_word' id='word_1_150' title='bbox 1100 3304 1146 3358; x_wconf 86' lang='lat' dir='ltr'><strong>ao</strong></span> <span class='ocrx_word' id='word_1_151' title='bbox 1181 3278 1294 3359; x_wconf 79' lang='lat' dir='ltr'><strong>veluti</strong></span> 
     </span>
     <span class='ocr_line' id='line_1_23' title="bbox 154 3397 1293 3503; baseline 0.002 -28"><span class='ocrx_word' id='word_1_152' title='bbox 154 3406 265 3499; x_wconf 79' lang='lat' dir='ltr'><strong>angat</strong></span> <span class='ocrx_word' id='word_1_153' title='bbox 297 3397 509 3499; x_wconf 85' lang='lat' dir='ltr'><strong>intelligere</strong></span> <span class='ocrx_word' id='word_1_154' title='bbox 534 3398 681 3473; x_wconf 83' lang='lat' dir='ltr'><strong>Horatii</strong></span> <span class='ocrx_word' id='word_1_155' title='bbox 709 3411 749 3473; x_wconf 88' lang='lat' dir='ltr'><strong>et</strong></span> <span class='ocrx_word' id='word_1_156' title='bbox 772 3398 923 3502; x_wconf 83' lang='lat' dir='ltr'><strong>Virgilii</strong></span> <span class='ocrx_word' id='word_1_157' title='bbox 949 3400 1114 3476; x_wconf 77' lang='lat' dir='ltr'><strong>amiotun</strong></span> <span class='ocrx_word' id='word_1_158' title='bbox 1137 3398 1293 3503; x_wconf 81' lang='lat' dir='ltr'><strong>ejrrsqua</strong></span> 
     </span>
    </p>
   </div>
   <div class='ocr_carea' id='block_1_4' title="bbox 153 3513 1295 4453">
    <p class='ocr_par' dir='ltr' id='par_1_7' title="bbox 153 3513 1295 4453">
     <span class='ocr_line' id='line_1_24' title="bbox 155 3513 1294 3617; baseline 0.008 -28"><span class='ocrx_word' id='word_1_159' title='bbox 155 3517 367 3611; x_wconf 81' lang='lat' dir='ltr'><strong>Thyestem</strong></span> <span class='ocrx_word' id='word_1_160' title='bbox 383 3513 643 3617; x_wconf 84' lang='lat' dir='ltr'><strong>tragoediaml’</strong></span> <span class='ocrx_word' id='word_1_161' title='bbox 662 3517 765 3592; x_wconf 84' lang='lat' dir='ltr'><strong>Nihil</strong></span> <span class='ocrx_word' id='word_1_162' title='bbox 773 3517 964 3617; x_wconf 75' lang='lat' dir='ltr'><strong>profecto!</strong></span> <span class='ocrx_word' id='word_1_163' title='bbox 990 3518 1199 3597; x_wconf 86' lang='lat' dir='ltr'><strong>Exstitisse</strong></span> <span class='ocrx_word' id='word_1_164' title='bbox 1213 3528 1294 3597; x_wconf 77' lang='lat' dir='ltr'><strong>sm-</strong></span> 
     </span>
     <span class='ocr_line' id='line_1_25' title="bbox 154 3634 1293 3740; baseline 0.006 -32"><span class='ocrx_word' id='word_1_165' title='bbox 154 3636 318 3709; x_wconf 90' lang='lat' dir='ltr'><strong>tumillo</strong></span> <span class='ocrx_word' id='word_1_166' title='bbox 343 3642 516 3734; x_wconf 89' lang='lat' dir='ltr'><strong>tempore</strong></span> <span class='ocrx_word' id='word_1_167' title='bbox 539 3644 699 3710; x_wconf 91' lang='lat' dir='ltr'><strong>narrant</strong></span> <span class='ocrx_word' id='word_1_168' title='bbox 723 3637 851 3731; x_wconf 77' lang='lat' dir='ltr'><strong>Quinti</strong></span> <span class='ocrx_word' id='word_1_169' title='bbox 876 3636 970 3712; x_wconf 89' lang='lat' dir='ltr'><strong>Vari</strong></span> <span class='ocrx_word' id='word_1_170' title='bbox 994 3634 1197 3740; x_wconf 84' lang='lat' dir='ltr'><strong>eujusdam</strong></span> <span class='ocrx_word' id='word_1_171' title='bbox 1220 3648 1293 3714; x_wconf 79' lang='lat' dir='ltr'><strong>tra·</strong></span> 
     </span>
     <span class='ocr_line' id='line_1_26' title="bbox 155 3754 1295 3857; baseline 0.008 -31"><span class='ocrx_word' id='word_1_172' title='bbox 155 3754 332 3855; x_wconf 86' lang='lat' dir='ltr'><strong>goediam</strong></span> <span class='ocrx_word' id='word_1_173' title='bbox 363 3754 556 3849; x_wconf 81' lang='lat' dir='ltr'><strong>Thyestae</strong></span> <span class='ocrx_word' id='word_1_174' title='bbox 580 3755 739 3830; x_wconf 89' lang='lat' dir='ltr'><strong>nomine</strong></span> <span class='ocrx_word' id='word_1_175' title='bbox 773 3755 1010 3854; x_wconf 78' lang='lat' dir='ltr'><strong>mseriptam,</strong></span> <span class='ocrx_word' id='word_1_176' title='bbox 1051 3781 1219 3857; x_wconf 84' lang='lat' dir='ltr'><strong>eamque</strong></span> <span class='ocrx_word' id='word_1_177' title='bbox 1248 3782 1295 3834; x_wconf 81' lang='lat' dir='ltr'><strong>ex</strong></span> 
     </span>
     <span class='ocr_line' id='line_1_27' title="bbox 154 3873 1292 3974; baseline 0.004 -28"><span class='ocrx_word' id='word_1_178' title='bbox 154 3874 428 3949; x_wconf 88' lang='lat' dir='ltr'><strong>nonnullorum</strong></span> <span class='ocrx_word' id='word_1_179' title='bbox 446 3874 626 3971; x_wconf 89' lang='lat' dir='ltr'><strong>opinione</strong></span> <span class='ocrx_word' id='word_1_180' title='bbox 642 3899 725 3948; x_wconf 89' lang='lat' dir='ltr'><strong>uon</strong></span> <span class='ocrx_word' id='word_1_181' title='bbox 738 3874 857 3974; x_wconf 86' lang='lat' dir='ltr'><strong>ipsius</strong></span> <span class='ocrx_word' id='word_1_182' title='bbox 872 3873 987 3971; x_wconf 85' lang='lat' dir='ltr'><strong>Vari,</strong></span> <span class='ocrx_word' id='word_1_183' title='bbox 1011 3876 1082 3952; x_wconf 89' lang='lat' dir='ltr'><strong>sed</strong></span> <span class='ocrx_word' id='word_1_184' title='bbox 1098 3878 1228 3953; x_wconf 77' lang='lat' dir='ltr'><strong>nenati</strong></span> <span class='ocrx_word' id='word_1_185' title='bbox 1250 3876 1292 3951; x_wconf 79' lang='lat' dir='ltr'><strong>ab</strong></span> 
     </span>
     <span class='ocr_line' id='line_1_28' title="bbox 153 3990 1293 4097; baseline 0 -28"><span class='ocrx_word' id='word_1_186' title='bbox 153 4015 202 4069; x_wconf 88' lang='lat' dir='ltr'><strong>eo</strong></span> <span class='ocrx_word' id='word_1_187' title='bbox 228 3992 347 4069; x_wconf 83' lang='lat' dir='ltr'><strong>Cassii</strong></span> <span class='ocrx_word' id='word_1_188' title='bbox 371 3990 586 4067; x_wconf 86' lang='lat' dir='ltr'><strong>Parmensis</strong></span> <span class='ocrx_word' id='word_1_189' title='bbox 612 3994 837 4091; x_wconf 86' lang='lat' dir='ltr'><strong>opuseulum</strong></span> <span class='ocrx_word' id='word_1_190' title='bbox 864 3993 996 4071; x_wconf 81' lang='lat' dir='ltr'><strong>fuisse.</strong></span> <span class='ocrx_word' id='word_1_191' title='bbox 1058 3994 1293 4097; x_wconf 78' lang='lat' dir='ltr'><strong>Quapropter</strong></span> 
     </span>
     <span class='ocr_line' id='line_1_29' title="bbox 153 4110 1292 4209; baseline 0.002 -24"><span class='ocrx_word' id='word_1_192' title='bbox 153 4136 233 4185; x_wconf 89' lang='lat' dir='ltr'><strong>non</strong></span> <span class='ocrx_word' id='word_1_193' title='bbox 255 4111 421 4186; x_wconf 75' lang='lat' dir='ltr'><strong>multrun</strong></span> <span class='ocrx_word' id='word_1_194' title='bbox 445 4110 554 4185; x_wconf 87' lang='lat' dir='ltr'><strong>abest</strong></span> <span class='ocrx_word' id='word_1_195' title='bbox 577 4111 673 4209; x_wconf 90' lang='lat' dir='ltr'><strong>quin</strong></span> <span class='ocrx_word' id='word_1_196' title='bbox 698 4119 817 4186; x_wconf 85' lang='lat' dir='ltr'><strong>totam</strong></span> <span class='ocrx_word' id='word_1_197' title='bbox 842 4112 941 4189; x_wconf 87' lang='lat' dir='ltr'><strong>hane</strong></span> <span class='ocrx_word' id='word_1_198' title='bbox 963 4114 1228 4190; x_wconf 86' lang='lat' dir='ltr'><strong>narrationem</strong></span> <span class='ocrx_word' id='word_1_199' title='bbox 1250 4114 1292 4187; x_wconf 86' lang='lat' dir='ltr'><strong>da</strong></span> 
     </span>
     <span class='ocr_line' id='line_1_30' title="bbox 155 4227 1293 4331; baseline 0.005 -30"><span class='ocrx_word' id='word_1_200' title='bbox 155 4227 284 4302; x_wconf 87' lang='lat' dir='ltr'><strong>Cassio</strong></span> <span class='ocrx_word' id='word_1_201' title='bbox 308 4228 505 4305; x_wconf 81' lang='lat' dir='ltr'><strong>Parmensi</strong></span> <span class='ocrx_word' id='word_1_202' title='bbox 528 4254 600 4329; x_wconf 91' lang='lat' dir='ltr'><strong>per</strong></span> <span class='ocrx_word' id='word_1_203' title='bbox 622 4229 671 4304; x_wconf 89' lang='lat' dir='ltr'><strong>L.</strong></span> <span class='ocrx_word' id='word_1_204' title='bbox 697 4228 858 4305; x_wconf 85' lang='lat' dir='ltr'><strong>Varium</strong></span> <span class='ocrx_word' id='word_1_205' title='bbox 882 4240 1039 4331; x_wconf 87' lang='lat' dir='ltr'><strong>poetam</strong></span> <span class='ocrx_word' id='word_1_206' title='bbox 1058 4231 1224 4307; x_wconf 76' lang='lat' dir='ltr'><strong>Athenis</strong></span> <span class='ocrx_word' id='word_1_207' title='bbox 1238 4232 1293 4307; x_wconf 90' lang='lat' dir='ltr'><strong>in·</strong></span> 
     </span>
     <span class='ocr_line' id='line_1_31' title="bbox 153 4342 1292 4453; baseline 0.009 -36"><span class='ocrx_word' id='word_1_208' title='bbox 153 4342 334 4440; x_wconf 80' lang='lat' dir='ltr'><strong>terfecto,</strong></span> <span class='ocrx_word' id='word_1_209' title='bbox 366 4356 407 4422; x_wconf 89' lang='lat' dir='ltr'><strong>et</strong></span> <span class='ocrx_word' id='word_1_210' title='bbox 431 4350 481 4425; x_wconf 93' lang='lat' dir='ltr'><strong>de</strong></span> <span class='ocrx_word' id='word_1_211' title='bbox 504 4349 699 4451; x_wconf 82' lang='lat' dir='ltr'><strong>tragoedia</strong></span> <span class='ocrx_word' id='word_1_212' title='bbox 724 4344 806 4450; x_wconf 84' lang='lat' dir='ltr'><strong>ejus</strong></span> <span class='ocrx_word' id='word_1_213' title='bbox 833 4348 1007 4447; x_wconf 79' lang='lat' dir='ltr'><strong>Thyesta</strong></span> <span class='ocrx_word' id='word_1_214' title='bbox 1028 4376 1099 4453; x_wconf 88' lang='lat' dir='ltr'><strong>per</strong></span> <span class='ocrx_word' id='word_1_215' title='bbox 1122 4350 1292 4429; x_wconf 70' lang='lat' dir='ltr'><strong>fraudem</strong></span> 
     </span>
    </p>
   </div>
   <div class='ocr_carea' id='block_1_5' title="bbox 153 4583 1295 4754">
    <p class='ocr_par' dir='ltr' id='par_1_8' title="bbox 153 4583 1295 4754">
     <span class='ocr_line' id='line_1_32' title="bbox 240 4583 1293 4669; baseline 0.01 -26"><span class='ocrx_word' id='word_1_216' title='bbox 240 4588 297 4657; x_wconf 80' lang='lat'><strong>69)</strong></span> <span class='ocrx_word' id='word_1_217' title='bbox 318 4583 366 4643; x_wconf 84' lang='lat' dir='ltr'><strong>De</strong></span> <span class='ocrx_word' id='word_1_218' title='bbox 389 4585 471 4646; x_wconf 76' lang='lat' dir='ltr'><strong>Celso</strong></span> <span class='ocrx_word' id='word_1_219' title='bbox 490 4586 543 4647; x_wconf 88' lang='lat' dir='ltr'><strong>illa</strong></span> <span class='ocrx_word' id='word_1_220' title='bbox 564 4607 637 4663; x_wconf 83' lang='lat' dir='ltr'><strong>quae</strong></span> <span class='ocrx_word' id='word_1_221' title='bbox 657 4589 760 4663; x_wconf 67' lang='lat' dir='ltr'><strong>scripsi</strong></span> <span class='ocrx_word' id='word_1_222' title='bbox 782 4590 812 4647; x_wconf 91' lang='lat' dir='ltr'><strong>ia</strong></span> <span class='ocrx_word' id='word_1_223' title='bbox 833 4585 995 4651; x_wconf 79' lang='lat' dir='ltr'><strong>Commeat.</strong></span> <span class='ocrx_word' id='word_1_224' title='bbox 1017 4588 1057 4652; x_wconf 78' lang='lat' dir='ltr'><strong>da</strong></span> <span class='ocrx_word' id='word_1_225' title='bbox 1086 4591 1173 4654; x_wconf 79' lang='lat' dir='ltr'><strong>&#39;l&#39;irio</strong></span> <span class='ocrx_word' id='word_1_226' title='bbox 1199 4591 1293 4669; x_wconf 73' lang='lat' dir='ltr'><strong>Septi·</strong></span> 
     </span>
     <span class='ocr_line' id='line_1_33' title="bbox 153 4668 1295 4754; baseline 0.008 -26"><span class='ocrx_word' id='word_1_227' title='bbox 153 4671 213 4729; x_wconf 75' lang='lat' dir='ltr'><strong>urio</strong></span> <span class='ocrx_word' id='word_1_228' title='bbox 231 4668 325 4728; x_wconf 82' lang='lat' dir='ltr'><strong>Postu</strong></span> <span class='ocrx_word' id='word_1_229' title='bbox 351 4672 375 4742; x_wconf 71' lang='lat'><strong>5.</strong></span> <span class='ocrx_word' id='word_1_230' title='bbox 390 4674 423 4733; x_wconf 85' lang='grc'><strong>4.</strong></span> <span class='ocrx_word' id='word_1_231' title='bbox 445 4693 474 4747; x_wconf 90' lang='lat' dir='ltr'><strong>p.</strong></span> <span class='ocrx_word' id='word_1_232' title='bbox 495 4679 569 4734; x_wconf 74' lang='grc'><strong>881.</strong></span> <span class='ocrx_word' id='word_1_233' title='bbox 585 4692 667 4749; x_wconf 63' lang='lat' dir='ltr'><strong>sqq„</strong></span> <span class='ocrx_word' id='word_1_234' title='bbox 696 4674 733 4734; x_wconf 83' lang='lat' dir='ltr'><strong>ab</strong></span> <span class='ocrx_word' id='word_1_235' title='bbox 757 4676 801 4733; x_wconf 84' lang='lat' dir='ltr'><strong>eis</strong></span> <span class='ocrx_word' id='word_1_236' title='bbox 829 4676 1038 4751; x_wconf 65' lang='lat' dir='ltr'><strong>aliquantulam</strong></span> <span class='ocrx_word' id='word_1_237' title='bbox 1065 4676 1219 4754; x_wconf 65' lang='lat' dir='ltr'><strong>aanor,</strong></span> <span class='ocrx_word' id='word_1_238' title='bbox 1245 4692 1295 4737; x_wconf 76' lang='lat' dir='ltr'><strong>aar</strong></span> 
     </span>
    </p>
   </div>
   <div class='ocr_carea' id='block_1_6' title="bbox 152 4752 1295 4923">
    <p class='ocr_par' dir='ltr' id='par_1_9' title="bbox 152 4752 1295 4923">
     <span class='ocr_line' id='line_1_34' title="bbox 154 4752 1295 4840; baseline 0.011 -26"><span class='ocrx_word' id='word_1_239' title='bbox 154 4766 249 4814; x_wconf 76' lang='lat' dir='ltr'><strong>terren</strong></span> <span class='ocrx_word' id='word_1_240' title='bbox 269 4756 412 4830; x_wconf 77' lang='lat' dir='ltr'><strong>persuasit</strong></span> <span class='ocrx_word' id='word_1_241' title='bbox 427 4752 453 4814; x_wconf 76' lang='lat' dir='ltr'><strong>lt</strong></span> <span class='ocrx_word' id='word_1_242' title='bbox 454 4777 479 4818; x_wconf 83' lang='lat' dir='ltr'><strong>r.</strong></span> <span class='ocrx_word' id='word_1_243' title='bbox 491 4754 653 4837; x_wconf 70' lang='lat' dir='ltr'><strong>tratum,</strong></span> <span class='ocrx_word' id='word_1_244' title='bbox 673 4760 720 4822; x_wconf 81' lang='lat' dir='ltr'><strong>rir</strong></span> <span class='ocrx_word' id='word_1_245' title='bbox 739 4761 877 4840; x_wconf 62' lang='lat' dir='ltr'><strong>mutu,</strong></span> <span class='ocrx_word' id='word_1_246' title='bbox 897 4763 931 4822; x_wconf 88' lang='lat' dir='ltr'><strong>iu</strong></span> <span class='ocrx_word' id='word_1_247' title='bbox 944 4760 1081 4825; x_wconf 76' lang='lat' dir='ltr'><strong>Laetien</strong></span> <span class='ocrx_word' id='word_1_248' title='bbox 1096 4756 1295 4829; x_wconf 71' lang='lat' dir='ltr'><strong>mev.</strong></span> 
     </span>
     <span class='ocr_line' id='line_1_35' title="bbox 152 4836 603 4923; baseline 0.016 -23"><span class='ocrx_word' id='word_1_249' title='bbox 152 4860 183 4914; x_wconf 85' lang='lat' dir='ltr'><strong>p.</strong></span> <span class='ocrx_word' id='word_1_250' title='bbox 200 4844 274 4902; x_wconf 79' lang='grc'><strong>330.</strong></span> <span class='ocrx_word' id='word_1_251' title='bbox 287 4858 353 4919; x_wconf 72' lang='lat' dir='ltr'><strong>sqq.</strong></span> <span class='ocrx_word' id='word_1_252' title='bbox 374 4840 414 4903; x_wconf 77' lang='lat' dir='ltr'><strong>el.</strong></span> <span class='ocrx_word' id='word_1_253' title='bbox 427 4836 485 4923; x_wconf 81' lang='lat' dir='ltr'><strong>Ill.</strong></span> <span class='ocrx_word' id='word_1_254' title='bbox 504 4860 536 4919; x_wconf 77' lang='lat' dir='ltr'><strong>p.</strong></span> <span class='ocrx_word' id='word_1_255' title='bbox 548 4844 603 4907; x_wconf 74' lang='lat'><strong>³4.</strong></span> 
     </span>
    </p>
   </div>
   <div class='ocr_carea' id='block_1_7' title="bbox 0 0 1345 5294">
    <p class='ocr_par' dir='ltr' id='par_1_10' title="bbox 0 0 1345 5294">
     <span class='ocr_line' id='line_1_36' title="bbox 0 0 1345 5294; baseline 0 0"><span class='ocrx_word' id='word_1_256' title='bbox 0 0 1345 5294; x_wconf 95' lang='lat' dir='ltr'><strong> </strong></span> 
     </span>
    </p>
   </div>
  </div>
 </body>
</html>
