2686 5236
489 658 697 713 nauseas
723 647 785 711 ιη’.
870 670 873 675 ·
1136 633 1222 717 su·

58 819 217 920 quidem
240 830 329 897 eum
353 819 612 919 superioribus
634 820 730 899 louis
744 820 923 899 oonlerri.
973 822 1082 902 Simu
1096 824 1208 923 regio

57 940 162 1015 della
186 940 291 1038 apud
307 938 519 1015 Domitium
533 937 772 1018 Marsum—ob
796 939 873 1044 adj.
898 968 960 1020 vv.
975 942 1091 1043 sorti
1106 946 1207 1045 pede

57 1061 109 1135 de
133 1057 244 1157 epioo
269 1058 456 1155 oanuine,
481 1058 534 1133 ita
553 1059 657 1157 apud
672 1057 856 1138 Ovidium
870 1060 1061 1162 scriplum
1073 1064 1207 1159 regola

56 1185 219 1277 propter
242 1172 320 1277 adj.
344 1201 409 1253 vv.
438 1174 599 1273 aegida
622 1178 824 1255 cothorum
848 1181 898 1255 de
923 1180 1116 1283 tragoedia
1140 1206 1204 1259 ao·

58 1297 134 1395 oipi
158 1296 316 1371 debent.
367 1294 455 1371 l'ari
477 1297 596 1372 modo
608 1298 736 1405 facto
764 1323 922 1393 regum,
956 1324 1057 1398 qnae
1079 1299 1203 1376 Pollio

58 1438 198 1491 uenere
222 1415 395 1507 dieatur,
421 1421 596 1514 apertrma
619 1423 699 1511 est,
724 1413 861 1492 referri
885 1417 1026 1495 debere
1050 1420 1099 1494 ad
1123 1426 1204 1493 tra-

58 1534 235 1635 goediam
259 1533 311 1607 ob
329 1558 395 1610 vv.
410 1557 495 1632 sqq.
518 1533 623 1633 pede,
641 1546 703 1608 ter
713 1560 900 1635 percusso
926 1537 955 1614 i.
971 1561 1007 1614 e.
1027 1537 1203 1615 trimetro

57 1650 242 1745 iambioo,
265 1650 449 1751 quioniam
472 1659 550 1727 tres
574 1676 749 1730 eaesnras
771 1653 909 1750 habet,
934 1664 978 1730 ut
1001 1656 1056 1732 ait
1073 1657 1205 1751 Aaron

56 1772 107 1845 ad
141 1770 237 1845 lul.
301 1768 436 1868 Neque
470 1771 589 1846 etiam
620 1772 749 1873 negari
784 1781 931 1871 potest,
972 1776 1202 1874 seriptonun

57 1889 231 1965 onmimn
262 1892 312 1965 de
346 1889 475 1985 lyricis
506 1897 548 1965 ot
571 1890 690 1990 epieis
713 1890 835 1967 Asinii
856 1891 1041 1969 Pollionis
1064 1894 1202 1969 earmi-

57 2008 171 2083 uibus
194 2008 391 2084 silentium
415 2009 489 2084 hae
519 2008 562 2084 in
587 2034 721 2087 eauesa
747 2011 849 2085 haud
873 2011 984 2111 parvi
1009 2036 1093 2089 esse
1115 2038 1202 2088 mo-

57 2126 190 2201 menti.
253 2128 355 2204 Male
388 2128 493 2204 onim
525 2127 563 2205 J.
587 2127 632 2204 G.
656 2127 702 2203 F.
726 2128 862 2205 Mansa
901 2130 942 2203 in
975 2131 1067 2206 libr.
1103 2131 1203 2209 Ver·

56 2242 219 2319 suiachte
242 2244 445 2321 Ablanadl.
471 2272 515 2321 aa.
539 2246 740 2345 Aufaiitu
763 2249 903 2347 (Brasl.
921 2250 1053 2346 1821.)
1078 2276 1118 2350 p.
1136 2250 1200 2326 5³.

56 2362 145 2439 Not.
168 2389 208 2439 v.
233 2363 311 2441 lura
340 2365 463 2441 refert
493 2366 623 2441 locum
653 2364 767 2440 Plinii
799 2364 908 2441 Libr.
934 2368 979 2444 V.
1012 2367 1134 2468 Epist.
1161 2368 1200 2443 3.

57 2483 170 2576 Η,
203 2482 272 2568 nbi
306 2509 437 2561 sermo
469 2492 619 2560 tantum
648 2491 707 2561 est
731 2485 780 2560 de
804 2486 1004 2584 poematiis
1028 2489 1202 2585 petulan-

57 2601 219 2678 tioribus
244 2610 285 2677 et
309 2604 615 2704 epigrammatis,
643 2628 744 2703 ‹psao
769 2626 794 2677 a
816 2602 1009 2698 Pollione,
1034 2604 1120 2681 viro
1139 2629 1202 2681 se-

57 2720 126 2795 riis
149 2717 321 2820 jocisque
343 2721 487 2821 pariter
511 2723 818 2816 aeoommodato,
851 2733 896 2796 ut
919 2745 943 2798 a
970 2724 1202 2816 Qudntiliano

57 2839 90 2912 1.
109 2837 175 2914 Or.
192 2836 302 2913 Liar.
320 2839 387 2915 Vl.
413 2864 449 2916 o.
463 2841 503 2916 3.
527 2851 562 2931 t.
582 2842 644 2916 ll.
663 2842 890 2939 appellatur,
915 2866 1202 2940 nonnumquam

57 2958 542 3054 animioasuaafnsaesse,
566 2960 651 3039 veri
665 2959 900 3036 simillimam
915 2968 992 3039 est:
1016 2986 1056 3040 v.
1074 2959 1203 3035 Thor-

57 3076 185 3154 beolse
207 3078 286 3154 l.e.
311 3103 351 3177 p.
370 3079 458 3153 128.
473 3102 532 3177 aq.

160 3196 398 3272 Dramatioae
431 3197 559 3295 poesis
590 3197 758 3273 studium
791 3197 942 3275 videtin·
964 3195 1088 3274 Pollio
1121 3197 1227 3272 sin·.

58 3314 183 3417 galeri
206 3316 407 3413 amplexus
430 3338 516 3391 esse
539 3340 691 3393 arnorez
717 3313 826 3418 eujus
849 3317 909 3393 rai
932 3318 1038 3393 testis
1059 3325 1119 3393 ost
1139 3317 1202 3393 vel

57 3433 126 3507 illa
155 3432 318 3532 epistola
352 3434 402 3508 ad
434 3433 679 3529 (lieet-onem,
721 3437 784 3512 oui
815 3436 927 3511 Balbi
959 3435 1203 3511 Praetextam

56 3551 259 3654 legendam
291 3551 470 3645 miserat,
502 3551 612 3627 Libr.
641 3554 693 3628 X.
728 3555 778 3629 ad
806 3553 956 3631 Divers.
985 3554 1050 3628 32.
1082 3563 1114 3645 t.
1141 3555 1203 3629 10.

55 3670 160 3744 lllud
183 3694 279 3746 vero
302 3667 341 3745 J.
356 3670 405 3745 ll.
424 3670 583 3747 Vossius
607 3672 657 3747 ad
682 3672 811 3774 virgil.
837 3672 968 3772 Eolog.
985 3670 1054 3745 Ill.
1079 3696 1119 3748 v.
1137 3674 1202 3747 86.

55 3797 97 3867 et
121 3788 224 3863 Vlll.
248 3813 287 3867 v.
304 3789 343 3864 a.
367 3789 527 3865 minime
541 3792 767 3889 persuadet,
792 3789 975 3866 Pollionis
990 3786 1204 3890 tragoedias

56 3904 139 4011 jam
178 3914 262 3983 tnn
293 3906 473 3984 Mantuae
511 3908 671 4009 aliisque
702 3909 937 3985 Venetonun
974 3908 1016 3982 in
1046 3908 1205 3983 urbibus

56 4029 166 4103 datas
197 4048 284 4101 esse
303 4033 359 4101 'et
392 4034 593 4126 spectatas.
650 4027 748 4105 Loai
781 4035 887 4103 oerte
920 4025 1118 4127 virgiliani
1152 4026 1205 4101 ad

55 4146 302 4247 probandum
334 4142 479 4219 infimi
517 4148 724 4222 admodum
758 4153 847 4219 sont
879 4151 993 4244 atque
1025 4142 1205 4247 ambigui.

57 4264 165 4364 Quid
195 4264 320 4357 enim,
364 4264 399 4337 si
431 4263 635 4367 Virgiliau,
677 4288 780 4339 anno
805 4263 849 4339 U.
869 4262 911 4337 G.
928 4263 1018 4337 712.
1042 4263 1206 4339 vixdmn

55 4388 237 4481 reeeptus
258 4382 303 4457 in
316 4382 499 4460 Pollionis
524 4382 800 4483 patrocinium,
824 4382 943 4457 fando
966 4388 1118 4457 tantum
1141 4406 1208 4459 oo·

57 4509 235 4599 ceperat,
274 4524 386 4596 etim,
429 4502 618 4600 ‹pridquid
650 4503 835 4602 temporis
866 4524 891 4575 a
922 4499 1070 4576 aalide
1104 4502 1207 4577 ouda

55 4628 299 4717 superesset,
333 4621 541 4722 tragoediis
571 4620 783 4697 smibendis
815 4621 1006 4714 tribamre,
1041 4618 1207 4717 ideoque
1288 4608 1291 4613 ’

55 4737 275 4815 llonoloam
311 4762 415 4819 nava
446 4738 513 4817 illa
545 4740 715 4817 mamhra
748 4740 1039 4817 annuntiantem
1071 4737 1210 4815 blando
