2670 5294
544 300 749 354 exeussus
775 298 834 353 tv.
1183 275 1260 350 333

91 458 139 541 ln
184 464 340 541 eastris·
359 463 469 539 Bruti
502 464 779 541 laeossiverant.
841 465 940 537 Huie
973 463 1102 537 Tullio
1137 461 1260 537 affinis

91 592 192 659 erat
224 582 413 659 Gratidia-
464 582 554 681 lpse
574 590 704 657 autem
722 581 881 680 perditis
895 583 1067 655 moribus
1084 590 1123 655 et
1144 583 1259 656 homo

89 704 284 803 gulosus.
335 702 448 775 Anno
462 703 552 775 724.
578 702 708 775 oonnd
723 700 845 775 faetiu
870 707 931 774 est
955 707 1000 774 et
1016 700 1118 774 haud
1144 700 1259 775 (lubio

89 842 130 897 ι.
162 822 267 896 719.
299 826 456 920 praetor
487 818 626 894 fuerat.
687 818 753 892 Vir
785 818 1000 916 praetorius
1031 819 1146 918 igitur
1170 843 1258 892 eum

89 940 290 1039 (parioque
323 938 445 1013 servis
479 937 522 1010 in
554 937 714 1010 Tiburte
748 935 810 1012 via
842 937 884 1009 iu
909 936 1107 1033 praedium
1132 944 1259 1034 pater·

89 1082 208 1133 num
234 1056 366 1131 abiit.“
416 1054 498 1157 Ego
521 1055 678 1154 ‹pridem
693 1054 733 1127 h.
751 1054 775 1126 1.
800 1055 1002 1130 lectionem
1026 1054 1135 1127 Tulli
1146 1080 1258 1152 prae-

89 1174 197 1253 fero
224 1174 336 1249 alteri
364 1172 482 1267 Tilli,
508 1196 624 1271 (piram
639 1168 833 1273 Bentlejus
859 1197 911 1247 ex
929 1173 1049 1247 Godd.
1075 1174 1257 1271 reposuit,

89 1318 205 1371 mam
231 1292 337 1366 idem
359 1292 433 1391 ipsi
458 1292 656 1368 videretur
690 1315 793 1385 esse,
828 1292 896 1390 qui
921 1317 959 1366 v.
978 1292 1041 1364 24.
1067 1315 1259 1365 memora·

89 1420 190 1487 tur.
244 1409 293 1485 At
316 1410 500 1485 Codicum
524 1410 631 1482 nulla
655 1432 740 1483 esse
765 1417 892 1506 petest
917 1434 963 1484 ea
990 1409 1031 1482 in
1056 1432 1100 1482 re
1127 1418 1259 1483 aueto-

89 1530 209 1605 ritas
217 1580 231 1622 ,
258 1528 429 1627 alioquin
444 1527 546 1626 apud
561 1525 722 1601 Sueten.
739 1525 776 1603 .1.
793 1526 904 1601 Caes.
924 1552 958 1601 e.
974 1530 1037 1601 42.
1056 1528 1258 1627 legendiun

90 1655 217 1725 esset
245 1645 394 1723 01331333·
424 1643 599 1738 muta,
624 1644 683 1718 uti
707 1646 822 1719 etiam
846 1668 869 1719 3
893 1646 1084 1720 nonnullis
1102 1645 1157 1717 ibi
1175 1645 1259 1718 edi·

91 1774 201 1841 tum
236 1772 314 1859 est,
353 1764 408 1838 ita
440 1769 485 1837 ut
517 1762 772 1861 Glandorpius
804 1765 846 1836 in
882 1762 1079 1837 Onomast.
1113 1788 1149 1861 p.
1170 1762 1257 1836 854.

94 1884 228 1959 illum
257 1881 350 1959 lulii
383 1880 551 1957 Caesaris
584 1904 848 1978 percussorem
881 1883 983 1984 genti
1017 1883 1165 1956 Tulliae
1190 1883 1257 1956 ed-

102 2001 328 2101 scripserit:
353 2001 419 2073 sed
447 2000 634 2091 vidmtur,
661 2006 817 2097 praeter
834 2002 1049 2076 l'ebrieiiun
1074 2004 1122 2075 ad
1143 2002 1257 2077 Dion.

104 2118 218 2195 Cass.
236 2117 345 2192 Libr.
362 2116 498 2191 XLIV.
527 2143 560 2191 e.
581 2118 644 2192 19.
671 2118 716 2191 Ν.
730 2120 795 2193 98.
821 2118 908 2194 Vol.
919 2118 967 2193 V.
989 2146 1028 2217 p.
1043 2121 1129 2192 421.
1143 2119 1256 2213 Strz,

104 2234 334 2312 llusehkius
359 2235 400 2308 in
425 2233 640 2311 Comment.
668 2236 716 2309 de
742 2237 784 2310 C.
807 2236 933 2312 Annio
952 2236 1107 2312 Cimbro
1131 2263 1170 2334 p.
1194 2240 1257 2310 16.

106 2354 159 2433 N.
179 2354 218 2429 5.
267 2354 383 2454 Apud
407 2353 605 2429 Horatium
632 2354 681 2429 de
697 2352 854 2429 diversis
877 2354 1092 2428 hominibus
1110 2378 1257 2429 senno·

107 2496 205 2549 nem
239 2496 344 2568 esse,
389 2480 562 2571 apertum
587 2478 657 2546 est.
721 2469 809 2547 Jam
841 2470 1004 2571 Spohnii
1039 2468 1257 2570 conjectura

107 2588 186 2667 tuit
209 2614 287 2690 quo
311 2590 408 2665 milri
431 2612 586 2688 quoqne
610 2590 859 2688 pel-placeret.
911 2579 1082 2664 Primum
1100 2591 1203 2664 enim
1223 2592 1256 2665 si

110 2708 289 2785 Consulis
314 2707 415 2783 filius
448 2709 490 2781 in
513 2708 626 2781 Bruti
661 2707 790 2781 eastris
816 2708 1113 2783 commilitonem
1138 2711 1256 2786 liber-

109 2827 193 2903 tino
217 2835 353 2902 natum
377 2834 486 2925 patre
511 2826 595 2903 altis
613 2825 824 2924 superciliis
840 2826 1067 2923 despexerat
1092 2853 1257 2927 eumque

111 2945 225 3021 dietis
265 2944 448 3043 feetistpte
481 2944 710 3037 violaverat,
751 2943 792 3017 id
827 2945 931 3041 qued
963 2944 1065 3019 haud
1091 2949 1257 3023 alienum

112 3087 257 3142 aveto
282 3086 366 3139 esse
391 3062 581 3155 diximus,
616 3085 696 3136 non
720 3062 908 3160 estquod
933 3063 1133 3157 miremur,
1175 3069 1257 3143 llo-

112 3183 254 3259 ratium
285 3182 387 3255 illius
426 3205 639 3256 memorem
672 3176 892 3255 offensionis
934 3182 1019 3254 data
1058 3186 1257 3260 oeeasioue

113 3302 223 3377 istius
258 3300 458 3400 superbiae
490 3300 669 3373 illusisse.
727 3298 875 3371 Deinde
908 3298 948 3371 id
982 3298 1096 3372 etiam
1120 3303 1256 3375 verisi-

113 3420 205 3494 mile
232 3426 311 3515 est,
346 3443 369 3494 a
394 3418 556 3493 Caesare
582 3413 810 3508 Octaviano,
836 3440 952 3513 (piem
977 3416 1137 3490 subinde
1162 3442 1256 3515 poe-

114 3538 255 3611 niteret
280 3536 472 3613 Cieeronis
496 3534 615 3634 patris
647 3529 792 3607 nefarie
815 3534 955 3631 proditi
980 3542 1019 3608 et
1042 3536 1255 3634 proscripti,

112 3652 227 3757 hujus
251 3652 373 3730 filium
396 3660 439 3727 ut
472 3663 695 3747 auguratus
728 3648 876 3726 honore
902 3654 1192 3727 eoudeeoratinn
1218 3663 1257 3727 et

109 3771 216 3848 inter
250 3771 418 3847 trevima
456 3770 673 3844 3333333133
715 3767 902 3864 electum,
944 3777 1040 3844 teste
1080 3770 1255 3870 Appiano

104 3889 153 3968 B.
185 3890 230 3965 G.
256 3889 363 3965 Libr.
380 3888 446 3964 lv.
472 3913 505 3964 e.
524 3885 610 3981 51„
643 3886 696 3961 ita
720 3887 835 3961 etiam
858 3900 1051 3987 praetura
1077 3898 1256 3968 omatum

104 4032 197 4087 esse
222 4030 259 4083 e.
275 4008 321 4083 U.
342 4007 385 4082 G.
401 4007 504 4099 719,
529 4014 575 4080 ut
599 4028 698 4080 anno
715 4004 761 4079 U.
780 4005 822 4080 C.
840 4007 929 4079 724.
947 4007 1144 4081 admoveri
1164 4036 1256 4108 pos-

100 4134 171 4205 set
204 4125 440 4203 consulatui.
497 4123 551 4197 at
581 4124 623 4197 in
647 4122 777 4197 Tullio
801 4122 980 4198 Praetore
1009 4125 1078 4201 illo
1103 4128 1150 4201 ab
1175 4128 1257 4204 llo-

100 4244 216 4323 ratio
240 4251 394 4321 notatm
417 4267 499 4318 non
521 4240 641 4317 fastus
658 4249 699 4316 et
716 4240 916 4316 insolentia
933 4243 1113 4319 natalium
1129 4247 1256 4343 splen·

101 4366 212 4444 dore
237 4360 459 4465 superbiens
483 4368 524 4436 et
546 4383 590 4436 33
613 4355 779 4462 jaetans,
803 4360 872 4437 sed
897 4360 998 4440 vitae
1022 4364 1121 4440 ratio
1141 4383 1255 4463 parea
