2670 5294
402 288 451 337 un
479 288 616 338 cassio
643 288 864 343 rnanrnusr·
1135 265 1210 342 205

10 486 27 535 μ
59 460 213 533 cernam
246 451 342 527 milri
373 451 526 531 videtu·
559 474 609 527 ex
632 450 820 528 Diomede
844 452 1082 529 emendanda
1107 476 1210 530 esses

18 586 26 656 i
59 572 125 651 At
166 582 308 649 morra
339 569 544 671 Aegyptiis
586 568 824 669 sacrificum
856 595 910 647 sc.
944 580 1025 666 eat,
1066 580 1108 646 et
1140 598 1212 673 pro

10 706 29 777 b
60 692 302 769 adclament
326 690 571 766 scribendum
593 690 866 765 redonari-unu
891 714 980 764 nam
998 714 1022 766 a
1037 690 1211 768 Varrone

10 850 32 897 a
61 816 215 887 tantm
240 808 381 885 adolui
411 809 603 910 prolatum
636 832 721 884 esse
745 808 1047 884 ait0Prisoianus.
1099 811 1213 910 Apud

10 974 32 1019 2.
60 930 290 1007 Diomedem
313 952 387 1028 pro
411 926 554 1004 Actius
578 927 790 1004 correxisse
816 929 1048 1004 Kordesium
1078 930 1210 1022 Titos,

16 1070 182 1149 surpra
206 1048 295 1139 Η.
321 1046 468 1123 monui.
526 1046 591 1121 Me
617 1043 778 1121 offendit
810 1072 1060 1145 praenomen,
1105 1052 1213 1149 quod

10 1210 35 1259 q
59 1166 232 1261 otiosssm
255 1166 319 1242 hic
344 1173 419 1241 cst:
445 1164 608 1241 fortasse
633 1165 728 1240 latet
747 1168 912 1241 &varus
936 1167 1115 1259 Cossium
1142 1170 1210 1244 sed

10 1308 32 1379 p
59 1287 320 1387 metanda
335 1292 393 1361 ast
407 1283 664 1360 Lindemanni
679 1308 813 1359 manus
829 1286 1082 1360 emendatrix.
1115 1287 1212 1362 Mihi

10 1454 23 1499 3
57 1430 144 1493 non
177 1406 336 1481 dubium
369 1412 430 1481 est
462 1405 555 1503 quin
587 1411 754 1501 uterque
779 1402 1058 1479 Grammaticus
1084 1406 1213 1507 singar-

10 1574 15 1595 .
57 1522 146 1601 lare
171 1525 365 1623 quoddam
390 1523 509 1599 Cassii
534 1523 694 1600 oratoris
720 1548 814 1622 opus
838 1523 1070 1617 laudaverit,
1107 1526 1213 1623 quod

59 1644 115 1719 de
140 1642 303 1743 epistola
326 1644 376 1718 ad
402 1642 602 1717 Tiberirmr
626 1642 727 1717 male
752 1642 898 1741 accepit
922 1638 1116 1743 Maffejus,
1150 1666 1213 1717 as·

58 1761 254 1839 manento
270 1761 427 1858 Meyaro
452 1763 493 1836 in
510 1760 631 1837 Oratt.
648 1762 759 1837 Rom.
776 1760 926 1862 Fragrn.
951 1787 990 1860 p.
1012 1764 1101 1838 229.
1150 1761 1214 1839 lix

58 1880 178 1957 Plinii
187 1880 235 1958 N.
248 1880 297 1955 ll.
309 1880 417 1955 Libr.
425 1881 584 1956 XXXV.
602 1904 714 1979 supra
730 1881 980 1975 ostendimus,
1005 1881 1113 1956 illum
1128 1906 1215 1957 ora·

60 2008 192 2077 torem
217 2000 267 2075 de
291 1999 466 2101 Aegypto
500 2000 708 2099 scripsisse.
767 1998 886 2096 quue
921 2025 1016 2098 opus
1052 2000 1213 2077 fortasse

61 2118 290 2217 composuit,
316 2144 406 2195 cum
420 2118 608 2221 relegatum
627 2119 667 2192 iu
683 2117 806 2192 irasrda
823 2116 934 2193 Creta
952 2119 1125 2220 degeret,
1150 2119 1213 2194 in·

61 2237 292 2337 scripsitque
325 2236 484 2312 Tiberio
516 2236 761 2336 Imperatori,
804 2262 880 2334 quo
914 2260 957 2310 se
989 2236 1031 2309 in
1055 2236 1213 2337 gratiam

60 2350 150 2457 ejus
174 2353 385 2431 insinuaret
409 2363 449 2429 et
472 2356 660 2431 radermdi
685 2354 835 2430 veniam
849 2355 1086 2453 impetraret.
1126 2354 1212 2430 Non

60 2472 186 2575 magis
210 2496 264 2549 ex
286 2475 448 2575 epistola
472 2481 668 2573 srmrptum
693 2496 779 2548 esse
803 2480 898 2572 puto
924 2475 1028 2572 <prod
1052 2473 1213 2573 legimus

61 2592 169 2693 spnd
193 2588 406 2668 Charisiano
426 2594 533 2670 Libr.
550 2594 580 2669 l.
606 2621 646 2694 p.
663 2596 727 2669 80.
747 2594 789 2667 Ρ.
839 2592 1019 2687 „Cassius
1046 2591 1214 2668 Sevenrs

62 2710 115 2787 sd
137 2708 422 2787 Maecenatem:
460 2714 651 2814 Gausapa
681 2736 883 2813 purpureo
918 2710 1214 2809 solrrtatas¹⁴).“
1257 2769 1260 2775 .

63 2830 150 2907 llos
172 2854 329 2929 (Ῑιιοφιθ
354 2831 474 2907 Cassii
497 2832 775 2935 fragmentrm,
810 2830 952 2906 omisso
986 2829 1121 2905 Severi
1140 2854 1216 2907 no·

63 2948 192 3044 minc,
227 2946 338 3027 affert
361 2951 576 3027 Priscianus
600 2952 708 3027 Libr.
725 2948 813 3025 vll.
838 2975 878 3048 p.
895 2951 983 3024 759.
1007 2950 1051 3023 Ρ.
1078 2950 1130 3046 (o.
1153 2952 1214 3025 ll.
1315 2968 1330 2995 ‘

64 3066 183 3159 858.
208 3066 257 3142 Τ.
271 3067 304 3143 Ι.
329 3097 370 3170 p.
385 3072 475 3146 328.
493 3071 583 3168 Kr.)
644 3069 691 3145 In
717 3094 794 3168 quo
817 3068 1011 3143 neminem
1036 3093 1115 3144 non
1139 3069 1215 3143 mi·

63 3212 155 3263 rum
178 3186 336 3265 habebit
367 3192 474 3289 quod
500 3188 651 3267 Cassiam
686 3189 728 3262 iu
752 3189 853 3263 libro
879 3190 928 3263 ad
951 3188 1214 3263 Maecenatem

60 3304 241 3407 garnopi
262 3306 461 3409 purpurei
491 3309 727 3384 mentionem
760 3308 863 3382 lacit.
933 3305 1111 3406 Gausapa
1144 3305 1215 3379 luit

64 3425 183 3505 vestis
214 3426 326 3519 lanea
358 3451 482 3528 eaque
516 3426 699 3519 crassior,
740 3450 819 3524 qua
842 3428 884 3500 in
908 3425 1045 3499 itinere
1070 3425 1120 3498 ad
1143 3446 1215 3500 ve·

64 3544 206 3621 rsndns
236 3547 409 3622 maxime
440 3554 568 3645 partes
597 3546 830 3647 obtegendas
854 3545 912 3620 uti
937 3543 1113 3618 solebant
1136 3542 1216 3617 llo·

65 3661 192 3739 manis
233 3688 274 3743 r.
306 3665 474 3741 Petronii
506 3667 633 3762 satyr.
667 3688 702 3739 c.
718 3665 782 3741 28.
833 3664 1056 3756 Maecenas,
1089 3659 1216 3737 mollis

64 3782 133 3857 ille
165 3788 208 3857 et
237 3784 378 3861 vestitu
409 3783 619 3883 habituque
659 3808 747 3859 oum
787 3780 997 3860 offensione
1030 3779 1215 3855 delicatus

65 3898 208 3995 homo,
246 3903 507 4003 appellabatur
539 3927 563 3979 a
596 3902 725 3979 Cassio
758 3909 981 4004 gausapatus
1022 3922 1216 4000 purpuras

65 4026 186 4095 resta.
236 4016 453 4121 suspicanti
476 4022 591 4123 igitur
614 4021 731 4118 milri,
756 4024 860 4098 mdo
884 4022 958 4097 ista
972 4020 1091 4098 verba
1109 4044 1217 4097 sarm·

156 4280 214 4371 1'4)
236 4292 382 4359 Videntur
402 4292 442 4357 G.
454 4292 484 4359 J.
505 4292 634 4359 Vossius
653 4299 684 4358 iu
695 4294 866 4359 Aristarcho
885 4286 948 4359 sire
968 4295 1006 4359 ds
1025 4292 1103 4358 Arte
1113 4290 1217 4355 (iram-

66 4380 165 4443 mstic.
185 4378 244 4443 ΠΙ.
266 4388 320 4447 35.
340 4382 438 4461 ibique
458 4380 644 4445 Fosrtsolrins
665 4382 746 4449 l‘srt.
763 4382 790 4447 l.
811 4404 842 4462 p.
858 4387 934 4449 410.
