2670 5294
179 719 255 794 274
528 741 577 793 nr
605 740 742 794 csss1o
768 740 991 796 ramnum.

178 928 223 980 ea
247 903 413 979 refertur
436 904 543 978 loeus
568 902 787 997 Quintiliani
810 902 905 980 lust.
923 902 992 981 Or.
1008 902 1119 981 Libr.
1138 907 1187 983 V.
1212 935 1245 985 o.
1262 910 1306 985 11.

177 1035 209 1114 ς.
235 1025 298 1097 24.
360 1022 454 1118 „Eu
498 1024 679 1121 quoniam
711 1023 891 1098 similium
924 1025 997 1099 alia
1030 1023 1153 1102 facies
1187 1030 1229 1103 in
1258 1030 1306 1104 nl

176 1144 343 1236 ratione,
388 1144 671 1216 admonendum
705 1148 782 1234 est,
816 1142 940 1217 rarius
971 1167 1057 1219 esse
1081 1144 1125 1219 in
1152 1150 1305 1224 oratione

176 1264 269 1336 illud
295 1287 436 1363 genus,
477 1261 582 1359 (prod
608 1260 719 1332 εἰκόνα
744 1261 879 1337 Graeci
903 1270 1041 1337 vooant
1066 1264 1167 1363 (([ιιο
1193 1268 1304 1367 expri-

174 1383 291 1455 mitur
324 1405 452 1455 rerum
493 1386 558 1453 eut
597 1402 848 1477 personarum
879 1380 1027 1481 imago,
1071 1388 1116 1456 ut
1151 1382 1303 1460 Cassium

177 1499 275 1595 Οιιίε
298 1498 417 1572 istam
431 1497 590 1597 fraciam
606 1495 802 1595 maspedis
823 1497 928 1571 aenis
943 1496 1181 1599 torquemi)
1205 1528 1302 1603 quarn

173 1618 234 1709 id,
273 1641 349 1715 quo
382 1615 615 1715 probabilius
651 1615 722 1708 sit,
764 1616 1177 1713 qrodbrtendim1m.“
1224 1622 1302 1695 bur·

172 1760 332 1809 mannus
357 1736 397 1808 h.
423 1735 450 1807 l.
476 1735 678 1809 inscienter
703 1732 873 1809 Cassium
898 1733 1089 1811 Severum
1117 1736 1301 1815 Oratomn

172 1854 350 1954 intelligit
375 1854 488 1952 eique
513 1855 610 1927 adeo
636 1854 885 1952 tragoediam,
920 1878 972 1929 ex
997 1879 1075 1953 qua
1101 1856 1180 1931 ista
1202 1860 1300 1935 verba

172 1983 323 2071 sumpta
347 1971 505 2064 filerunt,
532 1970 730 2045 adscribit!
757 1972 1021 2074 Spaldingius,
1048 1975 1115 2049 eui
1141 2001 1220 2050 non
1241 1978 1297 2049 dn·

170 2093 276 2164 bium
311 2098 369 2165 est
400 2091 495 2188 quin
528 2089 591 2163 bie
626 2090 674 2163 de
707 2087 836 2164 Cassio
868 2090 1064 2167 Parmensi
1101 2095 1294 2186 ser-most,

170 2216 275 2284 reete
308 2214 422 2308 negat
453 2231 507 2282 ex
541 2208 669 2306 aliqua
698 2209 890 2310 tragoedia
923 2210 1040 2284 istum
1072 2237 1228 2287 versum
1248 2237 1292 2287 as-

168 2336 364 2426 sumptum
388 2350 492 2420 esse,
520 2328 590 2401 sed
614 2326 738 2424 potius
762 2349 816 2402 ex
841 2328 1140 2429 epigrammatis.
1190 2331 1292 2426 „Ver

168 2470 233 2519 sus
266 2453 347 2535 est,
392 2445 539 2542 inquit,
575 2443 744 2535 Seazon3
785 2470 859 2520 nee
884 2456 1010 2521 tamen
1035 2470 1289 2549 usquequaque

167 2566 401 2638 emendabis.
460 2564 723 2656 Burmannus,
748 2572 871 2639 metro
898 2567 1120 2661 cousulens,
1147 2569 1215 2643 siste
1234 2567 1289 2667 legi

167 2685 300 2757 suadet
333 2707 403 2781 pro
432 2681 575 2776 istum,
617 2683 721 2779 quod
748 2681 919 2758 Gesnero
953 2685 1102 2783 plaeet;
1135 2713 1213 2763 non
1232 2688 1287 2760 in-

165 2802 315 2875 merito.
368 2799 448 2874 Sed
473 2808 590 2875 restat
615 2809 839 2899 anapaestus
864 2803 905 2875 in
926 2812 1060 2901 quarta
1080 2807 1193 2898 sede,
1216 2805 1287 2879 alia·

164 2946 237 2994 nus
263 2928 303 2994 et
336 2921 439 3018 ipse,
483 2943 598 3017 quem
629 2944 710 2992 non
735 2928 813 2992 tam
837 2919 946 2996 faoile
972 2923 1285 3021 compendifacias

164 3037 289 3113 Possis
315 3045 445 3113 tamen
470 3048 511 3112 et
524 3036 787 3138 imperfectum
804 3046 1072 3114 tetrametrum
1093 3062 1285 3142 agnosoem

163 3158 224 3229 oui
250 3157 331 3229 bini
356 3159 473 3254 pedes
499 3158 633 3231 desunt
665 3159 706 3230 in
729 3156 818 3231 fine.
872 3159 975 3232 Tum
1000 3184 1051 3233 ne
1077 3159 1201 3234 iatam
1222 3158 1286 3259 qui·

163 3276 252 3348 dem
276 3276 485 3349 mutatione
512 3275 686 3375 indigeat.
739 3274 818 3349 Sed
836 3276 1062 3351 Comoedias
1082 3277 1203 3353 Cassii
1221 3276 1285 3377 qui·

160 3394 248 3467 dem
286 3394 499 3467 l'armensis
532 3403 680 3468 veteres
714 3418 793 3468 non
813 3404 1055 3488 memorant,
1094 3392 1283 3497 curjusrnodi

159 3512 286 3610 operis
322 3513 424 3585 hune
458 3537 613 3587 versum
645 3535 727 3586 esse
760 3514 929 3588 maxime
962 3511 1166 3611 oonjioias,
1200 3512 1282 3590 sisit

157 3638 378 3704 tetrameter
412 3626 637 3730 jamlrious.“
704 3629 799 3703 Mibi
834 3634 1117 3729 propemodum
1162 3644 1280 3710 eemm

156 3757 231 3842 est,
278 3775 362 3824 esse
395 3749 468 3822 hoe
493 3749 750 3849 fragmentum
774 3772 826 3823 ex
851 3749 1136 3850 Epigrammata
1161 3754 1278 3851 aliquo,

156 3870 259 3966 (prod
298 3875 420 3942 metro
456 3868 706 3965 Asclepiaden
740 3871 907 3942 semmdo
941 3872 1195 3968 compositum
1221 3863 1279 3943 led

154 3988 366 4061 mutatione
390 3986 441 4059 ita
467 3987 708 4060 scribendum
732 3986 801 4060 sits

339 4103 457 4202 (lueis
482 4104 604 4178 iatum
616 4103 773 4202 samm
798 4103 995 4205 inerpertis
1014 4106 1121 4183 serm

447 4227 647 4322 quuem
671 4264 724 4280 -

152 4338 204 4412 ita
232 4349 276 4414 ut
313 4367 365 4415 ex
409 4365 523 4416 versu
559 4339 767 4436 Glyconieo
802 4343 1095 4442 Asclepiadeum
1135 4346 1280 4423 utun

151 4456 220 4528 tim
254 4460 468 4557 excipiente
503 4485 541 4534 v.
582 4463 783 4559 Torqueor
816 4463 991 4559 supersit.
1060 4463 1204 4567 Regius
1239 4484 1280 4539 ux

150 4570 368 4669 eonjeetura
400 4578 520 4651 edidit
544 4577 766 4677 plunapedia
799 4586 840 4652 et
866 4578 940 4654 hoe
964 4582 1125 4657 nomine
1153 4583 1280 4659 donn

149 4712 233 4764 esse
249 4700 381 4766 monet
396 4695 601 4770 Turnebus
617 4698 789 4790 mimrmr,
817 4697 884 4797 qui
902 4696 1158 4777 comoediam
1172 4696 1282 4777 Plane
1299 4744 1303 4751 ·

145 4808 297 4905 pediam
307 4813 438 4912 egerit.
464 4815 518 4889 At
532 4813 741 4914 lanipedis,
760 4816 866 4916 quod
882 4818 1002 4894 Codd.
1010 4818 1164 4919 Turio,
1179 4817 1281 4899 Pam·
