2670 5294
498 285 703 339 excursus
739 290 767 338 1.
1132 269 1207 345 305

53 449 209 527 Cicero:
235 448 329 541 „aa
352 444 402 521 L.
427 450 628 548 Torquato
654 451 759 551 quod
782 451 962 552 quaeris,
988 476 1071 527 coo
1085 456 1203 529 modo

53 567 231 659 bricius,
272 567 345 641 sed
374 565 497 641 etiarn
529 566 662 643 Aulus
693 571 897 669 profectm
930 576 1040 646 est.·“
1074 597 1127 647 sc.
1153 578 1203 649 ad

52 683 298 785 Pompeium.
356 682 420 759 Ex
464 711 541 783 quo
575 688 662 763 loco
703 688 855 763 fuerumt
896 691 963 789 qui
1005 692 1203 790 Torquato

54 804 214 881 Gonsnli
238 806 316 879 dno
340 802 440 879 lilios
464 803 579 880 fuisse
604 807 835 907 colligerent.
887 810 940 883 At
957 811 1006 883 ab
1023 809 1204 887 Sclriitzio

53 923 208 999 Larcius
230 930 386 1023 putatur
410 946 495 998 esse
520 924 681 1019 Consul,
708 934 747 1001 et
770 926 921 1020 Aulus,
947 929 1048 1003 illius
1071 927 1204 1023 frater,

52 1044 124 1143 qni
148 1042 308 1118 Praetor
332 1065 374 1115 ιι.-
395 1043 439 1115 U.
466 1040 509 1115 G.
541 1043 631 1117 702.
656 1052 694 1118 et
720 1045 779 1120 vir
802 1047 966 1144 optimus
991 1050 1205 1145 appellatur

54 1186 80 1237 a
106 1161 291 1237 Cicerone
324 1162 373 1235 de
406 1160 490 1235 Fin.
517 1161 624 1236 Libr.
648 1162 699 1236 Π.
727 1188 760 1237 c.
780 1167 842 1238 22.
870 1174 900 1253 §.
921 1169 984 1240 72.
1010 1167 1140 1265 ibique
1164 1193 1202 1243 v.

53 1280 248 1357 Goerenz.
307 1279 523 1377 Utcrunqne
557 1289 687 1355 antem
720 1284 769 1356 de
800 1282 874 1357 illis
900 1284 1107 1381 Torquatis
1132 1312 1204 1361 ex·

52 1401 267 1491 intimatur,
312 1399 355 1472 id
389 1399 549 1471 dubirnn
578 1423 663 1474 esse
687 1400 840 1497 nequit,
877 1400 1074 1500 Torquato
1101 1404 1204 1481 Gon-

54 1518 134 1593 snli
174 1542 297 1593 unum
332 1517 450 1593 finisse
490 1516 634 1612 filiium,
679 1542 766 1593 omn
808 1520 891 1611 ille,
937 1529 983 1594 nt
1023 1522 1202 1618 vidimus,

48 1648 174 1739 puter
198 1662 220 1712 a
246 1638 431 1713 Cicerone
455 1638 497 1711 in
532 1635 600 1711 Or.
626 1637 666 1709 in
688 1637 816 1712 Pison.
842 1660 876 1712 c.
895 1639 959 1712 31.
985 1640 1202 1717 nominatus

55 1756 185 1833 inerit.
255 1757 380 1849 Quare
419 1755 561 1849 miror,
602 1756 802 1851 Meyerurn
841 1756 881 1830 in
923 1756 1047 1832 Oratt.
1091 1759 1202 1835 Rom.

54 1876 208 1979 Fragm.
232 1900 271 1974 p.
288 1877 378 1949 219.
403 1884 576 1950 secutrnn
611 1898 696 1949 esse
732 1899 900 1950 errorem
926 1875 1082 1950 Corradi
1108 1904 1202 1954 con·

57 1994 250 2069 illudentis
275 2002 423 2093 patrem
447 2016 535 2067 cum
561 1993 652 2088 lilio,
679 2002 851 2068 notatinn
876 1991 953 2094 jam
979 1996 1202 2074 aWetzelio

58 2117 106 2191 ad
132 2114 309 2191 Cioeron.
334 2114 441 2186 Brut.
469 2136 503 2188 c.
521 2116 584 2188 68.
610 2116 697 2203 §.d

159 2233 248 2309 Jam
272 2232 486 2331 qnaesitrun
511 2240 590 2325 est,
623 2233 700 2306 utri
725 2256 881 2324 eornm,
915 2235 1013 2331 patri
1038 2259 1088 2308 an
1110 2234 1202 2330 lilio,

54 2352 290 2451 inscripserit
320 2349 502 2425 Horatius
542 2358 749 2448 utrimnque
781 2351 876 2423 illud
916 2376 1070 2448 poema:
1114 2378 1202 2427 nam

52 2473 125 2547 nni
150 2471 355 2567 eidemque
379 2468 527 2542 homini
552 2470 730 2567 inscripta
755 2492 839 2543 osse
865 2469 928 2543 illa
943 2472 1132 2563 carmina,
1159 2481 1202 2545 ut

48 2591 180 2667 multa
204 2596 293 2663 sunt
317 2610 416 2685 qnae
442 2589 643 2682 suadeant,
682 2588 735 2662 ita
759 2588 874 2661 etiam
899 2588 1128 2687 interpretes
1153 2592 1202 2664 ad

47 2734 181 2787 nnrnn
220 2730 354 2782 ornnes
395 2708 652 2781 consentiunt.
725 2708 940 2805 Antequam
982 2715 1113 2781 tamen
1152 2710 1202 2783 ad

47 2832 182 2929 ipsam
206 2849 401 2917 carmem,
429 2827 478 2899 de
502 2850 581 2922 qua
606 2825 668 2900 hio
693 2827 836 2926 agitur,
870 2827 1112 2925 progredior,
1141 2828 1201 2903 vi-

49 2948 230 3024 dendum
261 2952 320 3020 est
343 2946 392 3018 de
418 2968 540 3034 anno,
576 2969 653 3041 quo
677 2952 885 3042 utriunque
910 2946 1002 3017 illud
1029 2948 1077 3019 ad
1099 2947 1202 3021 Tor·

48 3076 218 3167 qrratum
252 3087 405 3139 carmen
442 3064 694 3160 compositum
726 3063 786 3137 sit.
851 3063 897 3136 In
931 3063 1016 3138 Oda
1050 3065 1201 3140 nullum

51 3183 355 3284 deprehenditur
377 3182 563 3280 temporis
588 3182 792 3274 indicimu,
829 3183 903 3256 nisi
927 3206 1020 3258 vere
1045 3183 1202 3257 ineunte

52 3328 146 3381 eam
164 3310 361 3379 exaratam
375 3300 508 3375 videri.
559 3298 654 3373 Mihi
671 3301 849 3376 convenit
868 3325 954 3374 oum
971 3301 1200 3395 Kirchnero,

54 3423 126 3523 qui
151 3446 238 3496 eam
261 3434 374 3495 anno·
387 3418 433 3491 U·
450 3416 493 3492 G.
511 3420 601 3493 738.
627 3420 803 3519 assignat.
864 3418 910 3491 In
934 3419 1104 3517 Epistola
1132 3442 1202 3518 pa·

54 3542 153 3615 riter
176 3541 312 3615 destmt
338 3545 465 3613 certae
489 3538 671 3635 temporis
684 3546 811 3611 notae.
863 3538 1098 3613 Kirchnenrs
1116 3563 1201 3614 eam

55 3683 157 3735 anno
190 3658 235 3733 U.
264 3658 306 3733 G.
340 3658 429 3731 733.
462 3656 639 3754 scriptam
675 3656 887 3749 existimat,
931 3681 1096 3755 (procum
1129 3681 1201 3759 ogo

55 3776 170 3853 facio.
227 3775 396 3875 Epistola
428 3775 541 3875 igitur
574 3774 680 3873 prius
713 3798 829 3871 (priam
861 3771 962 3869 Ode,
996 3783 1200 3873 utrumque

55 3906 187 3971 autem
228 3918 383 3971 carmen
424 3894 473 3967 ab
515 3893 672 3968 Horatio
714 3892 1012 3993 ‹pradragenario
1064 3918 1201 3971 exara·

54 4022 140 4091 tum
160 4020 418 4207 {ti-Manlium
444 4131 681 4231 Torqrauun
707 4128 791 4204 Cos.
817 4154 851 4203 a.
868 4129 915 4204 U.
935 4127 978 4203 G.
995 4131 1097 4225 689„
1124 4156 1201 4230 quo

55 4275 162 4327 anno
187 4252 305 4327 Poeta
329 4257 440 4325 natus
473 4258 553 4344 est,
586 4250 779 4341 omnium,
814 4250 916 4346 «prod
951 4248 1087 4343 sciam,
1121 4251 1200 4347 pri-

55 4394 145 4445 mns
180 4370 369 4447 intellexit
405 4369 596 4468 cruquius
630 4368 672 4442 in
705 4364 862 4468 ejusque
896 4369 1122 4443 sententiam
1151 4367 1199 4437 ab

97 4488 294 4552 warum.
315 4486 490 4551 conatur.
931 4484 981 4558 20
