2670 5294
366 310 572 363 excussos
600 315 629 362 1.
998 292 1072 366 129

89 496 149 551 nro
165 480 207 549 et
223 472 282 549 rei
299 458 473 549 militaris
486 472 734 572 peritissimo,
760 472 908 551 Galliae
924 474 1071 554 ’11000-

89 628 91 657 ι
115 592 392 669 administratio
416 592 589 667 militaris
607 600 647 667 et
660 618 841 695 egronrm
857 594 1071 676 distributio

89 713 284 812 metuoque
304 712 492 812 potidsset
513 711 700 787 mandari.

89 832 106 906 1
130 832 315 931 quidquid
341 837 401 904 est
425 826 509 931 ejus
533 831 781 931 suspicionis,
814 832 855 905 id
880 840 985 907 certe
1010 835 1072 911 vi-

89 951 152 1025 ine
185 952 264 1024 ulla
289 949 525 1024 dubitatione
548 950 641 1048 poni
664 975 799 1050 posse,
839 951 886 1049 Q.
912 949 1072 1029 Attium

89 1120 101 1160 ,
127 1093 207 1168 quo
232 1068 369 1143 dehic
394 1076 548 1168 agenn,
574 1091 658 1143 esse
682 1070 863 1144 eumdem
881 1069 1072 1167 Qur'atum

89 1238 104 1279 ,
146 1189 214 1290 qui
247 1211 270 1262 a
305 1185 468 1261 Caesare
494 1183 702 1263 Octaviano
731 1188 871 1263 missio
897 1188 1073 1268 Cassium

89 1331 169 1382 sem
192 1307 356 1383 Athenis
380 1303 615 1381 interfecisse
638 1315 818 1381 narretur
842 1309 892 1382 ab
917 1309 1072 1385 Acrone

89 1428 149 1501 atii
171 1424 278 1499 Libr.
295 1424 328 1500 1.
354 1423 471 1524 Epist
490 1425 530 1499 4.
554 1449 594 1501 v.
611 1427 650 1500 2.
700 1424 798 1500 Eam
813 1427 1073 1525 suspicionem

89 1600 93 1628 ,
118 1546 224 1643 quod
249 1544 387 1639 001010,
413 1542 559 1644 profert
581 1543 836 1619 Ruhnkenius
859 1546 909 1620 od
934 1543 1072 1650 Vellcj.

89 1664 194 1739 Libr.
212 1662 264 1737 Π.
290 1688 325 1739 0.
342 1664 407 1737 88.
433 1673 465 1753 5.
482 1664 517 1738 1.
532 1688 571 1764 p.
581 1664 671 1738 211.
688 1662 770 1755 Fr.;
790 1663 960 1761 lleyuius
976 1690 1074 1744 vero

99 1783 228 1860 medio
254 1782 450 1880 relinquit.
511 1802 521 1815 ·

114 1904 188 1979 hoc
223 1906 269 1997 Q.
296 1901 400 1977 Varo
436 1899 663 1977 Caesariano
687 1902 811 2002 prohe
837 1902 1073 2005 distinguen-

105 2025 151 2096 P.
176 2020 315 2097 Attius
343 2021 387 2101 V
380 2047 480 2096 am
502 2017 755 2123 Pompeianus
762 2073 775 2115 ‚
800 2022 868 2120 qui
892 2022 934 2096 in
957 2048 1074 2122 proe-

91 2141 304 2215 Auximum
337 2141 540 2215 commisso
572 2164 597 2215 a
636 2141 715 2215 auis
748 2142 939 2235 desertus,
981 2141 1073 2244 firgo

110 2267 170 2335 est
200 2260 244 2333 in
267 2257 454 2355 Africam,
495 2281 657 2358 eamque
689 2282 849 2336 veouem
875 2262 1075 2360 occupavit

103 2377 194 2454 705.
220 2376 270 2456 cf.
286 2376 361 2454 Jul.
381 2376 519 2452 Caesar
544 2378 594 2452 de
613 2378 658 2451 B.
675 2377 758 2453 civ.
782 2375 935 2450 Libnl.
959 2402 993 2452 0.
1013 2380 1074 2454 13.

89 2522 152 2573 om
195 2504 329 2573 contre
372 2497 579 2573 Curionem
619 2494 791 2571 defendit
828 2491 981 2595 adjutus
1025 2498 1076 2572 ab

89 2616 312 2692 hamtoniae
344 2640 458 2719 rege,
503 2640 670 2718 quocum
703 2614 820 2692 cun-10
851 2616 1075 2716 imprudens

89 2744 103 2809 t
135 2743 174 2811 et
207 2738 256 2811 ad
278 2736 580 2812 internecionem
603 2758 733 2811 caesus
757 2734 889 2834 periitz
922 2733 971 2810 cf.
996 2736 1074 2813 Jul.

98 2853 147 2930 de
178 2854 223 2928 B.
241 2854 325 2933 civ.
356 2852 465 2930 Lm.
491 2853 543 2929 Π.
570 2879 604 2928 0.
630 2854 695 2928 23.
725 2861 766 2928 et
792 2853 855 2927 38.
881 2877 961 2952 sip,
999 2854 1075 2929 Dio

89 2974 164 3047 ihr.
189 2972 295 3048 XLI.
327 2998 361 3049 0.
385 2974 450 3048 41.
468 2998 527 3073 sq.
554 2981 595 3047 et
617 2972 811 3071 Appianua
836 2971 884 3045 de
917 2973 962 3067 B,
990 2973 1073 3049 eiv.

89 3090 165 3167 ’.0.
179 3093 243 3167 44.
260 3116 319 3192 aq.
378 3092 517 3168 Postea
551 3092 615 3167 hic
644 3092 689 3172 V
682 3116 779 3166 crus
812 3115 901 3167 cum
932 3091 1075 3169 Getone

89 3211 182 3287 ione
225 3208 448 3314 conjunctus
491 3206 664 3312 Pompeii
703 3217 831 3310 partes
871 3210 914 3283 in
946 3210 1076 3286 Africa

111 3328 302 3427 defendit,
335 3338 377 3406 et
400 3332 519 3407 misso
543 3331 586 3406 in
610 3329 836 3428 Hispaniam
861 3326 932 3401 Gn.
956 3327 1076 3402 Pom·

88 3449 142 3543 io,
167 3474 251 3526 aeae
276 3474 364 3525 cum
388 3450 463 3525 illis
486 3449 590 3525 Julio
615 3447 770 3524 Caesari
793 3445 921 3520 modia
945 3443 1076 3521 hieme

89 3568 146 3667 ot.
180 3569 222 3641 in
262 3568 430 3643 Africam
468 3565 628 3669 najecto
673 3565 875 3667 opposuit,
920 3570 1076 3640 auctora

89 3684 184 3761 Cass.
208 3685 317 3762 Libr.
333 3687 457 3763 XLII.
482 3712 516 3764 c.
536 3688 599 3762 58.
649 3686 734 3761 lfuo
759 3682 922 3758 dubitari
943 3681 1078 3781 nequit

88 3803 245 3881 ferenda
257 3806 334 3881 sint
348 3830 448 3906 <pue
472 3807 590 3881 hebet
603 3803 847 3902 Porphyrion
866 3803 914 3876 od
928 3801 1077 3877 Horatii

98 3921 181 3999 Sat.
194 3929 232 3998 7.
251 3950 288 4001 v.
300 3927 336 3999 l.
358 3926 481 4018 „Rex
497 3921 778 4000 Praeceotinas
791 3932 883 4020 post
898 3918 1076 4017 cordium,

89 4044 114 4117 d
135 4044 351 4119 ἀαπιπαειω
367 4044 630 4144 profugerat,
654 4039 843 4115 militavit
866 4037 911 4113 in
935 4036 1075 4151 fittico

89 4160 137 4237 tio
147 4163 259 4241 Varo
266 4168 313 4253 ‚·“
327 4162 500 4262 itemque
517 4160 648 4238 Schol.
660 4158 775 4258 Gruq.
792 4160 869 4251 „lt
888 4156 1077 4260 Rupiiiau

89 4280 373 4375 'raewtinuffi
409 4292 624 4383 postquam
664 4306 693 4353 a
727 4276 993 4353 Praenestinis
1032 4274 1077 4346 in

89 4399 264 4477 *mem
287 4412 405 4496 estet,
427 4397 627 4478 stantona
647 4394 836 4475 mr'litcvit
859 4394 932 4471 orob
955 4384 1076 4467 Actio

89 4542 173 4584 mar.
195 4520 373 4586 conarer.
835 4514 862 4588 9

1205 4524 1211 4567 1
