2670 5294
413 279 462 327 oa
491 277 628 326 cassio
648 279 868 328 ransrsxsr.
1136 266 1206 337 211

56 441 170 519 (lictis
193 440 456 517 insectaretur.
507 438 712 539 Postquam
736 467 832 519 vero
850 452 980 521 orator
998 450 1210 524 accusando

31 563 307 657 inclaruerat,
341 557 521 634 audacior
554 557 679 635 lacau
710 585 762 636 ne
792 564 1029 662 principibus
1054 567 1210 665 (peridem

56 680 220 759 civitatis
244 678 440 779 pepercit,
466 678 601 776 utique
625 679 673 752 ab
698 681 900 756 timiditate
925 684 1069 782 pariter
1093 694 1210 783 atque

56 800 272 876 adulatione
305 796 569 871 alienissimus.
629 797 775 897 Atque,
811 808 856 874 ut
890 826 1006 900 supra
1042 806 1209 878 ostendi·
1284 818 1289 836 ·

56 943 166 1013 mus,
208 918 278 993 sub
319 915 439 990 finem
474 917 631 990 ‹lemum
675 918 827 1018 imperii
859 918 1018 1021 Augusti
1058 923 1210 998 Cassius

56 1036 283 1139 precatibus
320 1034 470 1134 scriptis
503 1034 606 1109 viros
638 1034 876 1137 feminasque
909 1040 1073 1115 illustres
1099 1040 1211 1116 ‹lilla-

56 1180 167 1233 mare
193 1161 384 1254 coeperat.
434 1153 590 1251 ltaque,
616 1162 833 1255 temporum
848 1181 1056 1257 renmrque
1075 1161 1211 1235 ordine

57 1281 234 1352 accurate
259 1279 444 1372 spectato,
470 1296 548 1346 non
574 1271 688 1348 video
715 1277 810 1372 quid
835 1278 962 1351 obstet
987 1304 1065 1376 quo
1083 1280 1210 1352 mium

58 1393 232 1470 Cassium
258 1392 444 1469 Severrnn
479 1391 527 1464 ab
553 1391 712 1467 Horatio
749 1395 1051 1471 virulentissimis
1075 1397 1211 1471 iambis

57 1511 187 1614 Epodi
203 1510 270 1585 Vl.
306 1514 523 1585 maurianum
556 1534 641 1585 esse
675 1520 898 1589 statuamus.
955 1514 1089 1614 Neque
1115 1541 1211 1615 opus

58 1640 143 1707 erat
166 1638 210 1704 ut
232 1630 335 1705 illius
358 1654 502 1705 nomen
526 1628 668 1731 inipso
695 1632 862 1708 carmine
878 1634 1045 1732 positum
1066 1636 1213 1736 legere·

60 1758 138 1827 tur.
192 1751 364 1843 Quorum
389 1756 473 1823 tum
497 1748 679 1823 intererat
704 1751 823 1844 scire,
850 1753 911 1827 cui
939 1777 1090 1827 cacumen
1115 1755 1212 1827 illud

58 1869 287 1969 inscriptum
321 1876 444 1963 esset,
489 1868 545 1941 cis
579 1868 682 1941 haud
713 1871 828 1945 dubie
861 1879 900 1947 et
935 1872 1084 1947 Cassius
1116 1877 1221 1947 satis

58 1997 175 2065 notus
213 1996 295 2063 erat
333 1995 373 2062 et
415 1989 769 2084 componendorrnn
804 1990 960 2064 illormn
994 1992 1212 2065 iamborum

60 2106 230 2200 occasio,
257 2114 298 2181 et
329 2130 380 2180 ne
404 2114 577 2205 posteros
602 2106 752 2200 lateret,
786 2109 1037 2206 providerunt
1061 2111 1090 2183 ii
1115 2138 1213 2209 quos

61 2230 112 2303 ‹le
145 2227 318 2326 personis
351 2223 565 2298 Horatianis
599 2225 795 2323 scripsisse
826 2227 979 2301 scimus.
1041 2228 1105 2301 Ex
1138 2231 1213 2303 boc

55 2354 195 2425 eutem
219 2344 326 2418 fonte
351 2340 487 2417 hausta
512 2350 599 2416 sunt
624 2367 691 2437 ca,
726 2369 825 2441 (prae
857 2346 958 2443 apud
985 2345 1213 2421 Scholiastas

59 2465 184 2539 relata
207 2462 380 2567 legimus.
432 2460 493 2533 Ab
512 2459 571 2533 his
586 2460 688 2535 idem
705 2462 856 2536 Cassius
874 2466 1084 2563 appellatur
1095 2478 1215 2564 pocta

61 2580 298 2657 οηιιίεάἰειωε
340 2581 382 2653 id
415 2579 520 2678 (prod
561 2578 801 2655 mirationem
843 2606 932 2655 sane
970 2582 1080 2677 facit,
1127 2609 1216 2658 cum

62 2724 180 2777 nemo
215 2700 311 2773 alius
346 2698 576 2797 scriptorum
600 2706 778 2775 veterion
804 2702 852 2775 ‹le
873 2701 1020 2799 poetica
1047 2699 1130 2802 ejus
1156 2701 1217 2774 l'a-

64 2820 215 2919 cultate‘
232 2818 399 2914 aliquam
432 2814 670 2889 mentionem
704 2813 888 2915 injecerit.
948 2821 1000 2891 At
1027 2820 1099 2893 boc
1127 2846 1216 2893 cum

64 2938 184 3039 ipsius
220 2935 364 3012 Horatii
396 2943 481 3009 tum
514 2934 675 3007 alienun
718 2936 911 3008 silentium
944 2962 1020 3009 non
1054 2940 1217 3036 irupedit

63 3082 144 3159 quo
168 3055 297 3131 minus
321 3078 345 3130 a
371 3052 519 3145 Cassio,
545 3049 686 3151 juvene
711 3055 808 3128 acris
834 3055 1033 3153 rogatique
1059 3058 1217 3157 ingenii,
1302 3092 1305 3097 ¹

63 3176 301 3275 auspicemin
326 3170 536 3270 composita
560 3194 646 3245 esse
671 3173 962 3273 epigrarmnata,
989 3176 1129 3272 ‹pribus
1155 3176 1218 3247 iu-

64 3306 197 3397 tegrae
228 3292 352 3367 famae
385 3289 560 3365 homines
584 3299 785 3392 pungeret.
846 3292 977 3390 Neque
1005 3317 1078 3391 ego
1105 3294 1219 3366 ‹lubi-

64 3412 231 3491 caverim
255 3410 431 3511 procacia·
455 3410 527 3483 ista
552 3410 713 3508 scripta,
746 3409 885 3505 «pinibus
920 3410 968 3482 ab
996 3409 1131 3483 Tacito
1158 3411 1218 3482 ‹li-

65 3534 166 3609 citnr
197 3531 361 3605 illustres
393 3530 593 3625 utriusque
634 3552 750 3603 sexus
783 3526 959 3603 hommes
991 3526 1217 3619 diffamasse,

64 3650 214 3727 referre
248 3648 363 3725 etiam
397 3649 446 3722 ad
479 3645 687 3723 versiculos
722 3644 908 3741 famosos,
953 3647 1093 3745 quibus
1125 3647 1219 3747 stig-

64 3780 169 3849 mata
202 3767 286 3845 aliis
318 3766 543 3866 imposuerit
584 3766 733 3861 sibique
768 3766 978 3863 penniciem
1010 3766 1219 3863 pepererit.

65 3890 213 3965 Vermn
248 3894 376 3962 tamen
417 3880 532 3984 hujus
565 3882 749 3959 facultatis
793 3885 825 3958 si
866 3910 983 3982 quam
1026 3884 1218 3981 prioribus

66 4008 168 4086 vitae
209 4006 317 4081 annis
358 4004 521 4102 adeptus
563 4002 688 4076 fuerat
730 4004 902 4096 laudem,
945 4003 1026 4101 ipse
1062 4004 1219 4102 posthac

68 4126 347 4207 existimandus
370 4130 430 4197 est
455 4123 676 4198 obscurasse
703 4124 943 4219 eloquentiae
968 4147 1060 4198 suae
1087 4125 1216 4222 splen-

70 4246 187 4341 dore,
221 4242 265 4317 in
289 4268 367 4345 quo
393 4242 727 4317 commemorando
752 4242 866 4315 uince
890 4242 1028 4315 versati
1055 4250 1142 4315 sunt
1166 4240 1221 4311 M.

68 4362 238 4460 Seneca,
270 4362 424 4437 Tacitus
449 4370 489 4437 ct
515 4359 774 4453 Quintilianus.
827 4358 1063 4435 scholiastae
1090 4368 1218 4431 autem

933 4480 982 4552 14
998 4480 1017 4519 a
