2670 5294
360 295 411 347 oa
438 294 575 347 cassm
602 295 824 345 rhamnum.
1130 275 1205 354 225

161 457 338 557 Denhpre
372 456 616 558 Porphyrion
650 463 690 531 et
724 454 954 531 scholiastes
994 457 1109 558 Cruq.
1143 485 1208 537 re·

51 578 187 655 fenmt
195 632 208 673 ,
234 578 335 652 illius
361 576 478 652 Cassii
493 576 642 651 Etrusci
658 583 809 650 exstare
825 577 1060 675 tragoediam
1076 579 1208 675 Thye-

54 707 173 773 stem.
226 694 270 770 Si
294 697 535 789 memineris,
570 696 665 769 illud
699 702 963 794 argumentum
989 722 1105 794 apuam
1131 699 1209 774 fre-

56 824 224 916 ‹psenter
249 840 272 889 a
296 817 449 916 tragicis
474 816 670 912 utriusque
695 814 827 913 populi
852 816 977 911 poetis
997 817 1037 888 ha
1057 842 1209 896 scenam

55 936 176 1011 merit
207 936 457 1034 productum,
501 941 546 1007 ut
578 933 739 1031 probavi
772 931 813 1003 in
844 932 1058 1009 Commeat.
1086 939 1133 1010 de
1159 938 1209 1012 L.

61 1054 191 1135 Vario
215 1057 338 1130 Poeta
364 1065 394 1144 §.
417 1054 478 1127 13.
503 1051 548 1125 Ν.
565 1055 648 1142 67.;
690 1076 770 1125 nou
802 1050 1025 1127 incredibile
1052 1057 1123 1129 tibi
1150 1059 1210 1133 vi-

59 1174 234 1268 debitur,
267 1173 384 1247 etiam
419 1172 603 1247 Cassium.
623 1168 848 1263 Etrmcwn,
883 1174 1027 1245 malum
1054 1177 1210 1273 quidem

60 1300 100 1370 at
124 1291 354 1366 industrium
378 1297 544 1389 poetam,
570 1289 675 1362 idem
695 1299 956 1388 argumentum
972 1297 1209 1370 tractandum

60 1413 138 1486 sibi
162 1409 369 1508 sumpsisse
394 1416 434 1482 et
460 1407 672 1503 Thyestem
689 1407 865 1481 edidisse.
917 1408 1210 1490 Verumtamen

60 1529 96 1604 si
120 1530 199 1603 ulla
224 1529 266 1602 in
294 1527 355 1602 his
381 1525 548 1603 Scholiis
572 1526 688 1602 verba
722 1527 964 1624 reperiuntur
989 1530 1037 1603 de
1064 1532 1210 1632 origine
1293 1568 1296 1573 ·

61 1649 194 1749 apamia
225 1647 267 1721 in
302 1646 559 1744 suspicionem
593 1646 784 1738 vocanda,
828 1670 874 1720 ea
906 1647 1079 1746 profecto
1111 1657 1210 1744 sunt,

61 1791 162 1867 quae
187 1766 285 1864 apud
317 1772 520 1860 utrumque
547 1761 797 1837 Scholiastam
830 1765 965 1839 iisdem
991 1767 1123 1840 litteris
1149 1775 1211 1842 to-

61 1887 261 1981 tidemque
286 1882 440 1978 syllabis
466 1883 665 1982 leguntur:
691 1884 833 1975 „cuias
858 1884 1064 1980 tragoedia
1086 1887 1211 1984 Thye-

62 2016 142 2079 stea
157 2007 332 2077 exstant.“
357 1999 453 2074 Nam
470 2002 638 2099 primum
652 2001 813 2076 heronis
833 2005 1001 2078 eadere
1019 2004 1211 2079 silentium

62 2147 144 2198 nou
176 2121 284 2220 parvi
321 2127 380 2195 est
412 2118 642 2194 faciendum.
712 2121 861 2195 Deinde
895 2122 1018 2214 locus,
1054 2124 1116 2195 cui
1140 2124 1212 2196 ista

62 2241 185 2317 verba
210 2240 309 2313 allita
334 2244 444 2332 srmt,
480 2239 592 2337 plane
620 2239 771 2338 ineptus
797 2247 857 2313 est
881 2240 941 2313 isti
967 2241 1212 2314 adnotatioui.

64 2359 269 2454 Thyestae
287 2357 387 2431 illius
419 2357 636 2457 tragoediae
668 2358 814 2432 mentio
849 2358 882 2431 si
915 2357 1088 2431 facienda
1119 2367 1211 2452 erat,

65 2500 155 2552 eam
180 2477 382 2574 oportebat
416 2472 596 2578 conjrmgi
630 2501 719 2549 csnn
743 2501 782 2552 v.
808 2476 894 2570 62,
927 2475 993 2548 ubi
1019 2476 1067 2548 de
1095 2475 1213 2550 Cassii

65 2593 253 2695 poemis
284 2618 410 2669 sermo
448 2578 567 2669 esset.
627 2593 834 2669 Enimvero
876 2595 1016 2691 sciolus
1057 2596 1213 2691 quidam

64 2712 262 2805 hbrarius‚
287 2713 457 2813 quisquis
483 2714 573 2806 suit,
607 2739 727 2812 quum
753 2721 985 2806 atummaret,
1012 2712 1214 2788 Etruscum

65 2840 108 2907 et
130 2830 378 2906 Parmensem
403 2831 574 2906 Cassirma
598 2858 721 2917 urmun
746 2839 784 2906 et
809 2834 988 2906 eumdem
1015 2857 1099 2907 esse
1120 2859 1214 2931 poe·

66 2960 170 3044 tam,
212 2956 250 3024 et
283 2958 521 3049 compertuun
546 2951 726 3043 haberet,
764 2975 786 3024 a
811 2950 1006 3026 Pannensi
1032 2954 1213 3051 scriptam

66 3091 155 3144 esse
180 3067 413 3164 Thyestem,
449 3071 529 3143 sine
555 3070 806 3145 haesitatione
830 3069 924 3163 ista,
954 3096 1053 3167 quae
1079 3096 1213 3171 suspe·

68 3194 240 3282 murus,
282 3189 401 3263 verba
435 3189 608 3289 appinxit
640 3189 677 3262 ei
708 3188 815 3284 loce,
857 3188 899 3260 in
932 3214 1008 3286 quo
1034 3189 1216 3290 agebatur

64 3374 284 3398 *ιι-...Ι

68 3496 193 3559 oenn‘lio
213 3494 365 3557 admodum
384 3496 514 3575 diversa3
536 3496 594 3559 vid.
616 3492 739 3572 interpr.
761 3495 797 3557 ad
819 3492 933 3556 Horatii
951 3491 1033 3554 Libr.
1052 3490 1077 3553 l.
1101 3490 1163 3552 Sat.
1184 3499 1213 3557 7.

67 3604 100 3646 v.
118 3586 176 3645 272
195 3593 227 3643 et
247 3602 320 3658 quoa
334 3583 441 3661 allegat
457 3581 601 3644 Baehrim
622 3584 659 3644 ad
673 3580 816 3643 Plutarchi
832 3582 977 3643 Alcibiad.
994 3601 1020 3639 e.
1034 3588 1085 3640 21.
1103 3602 1131 3655 p.
1143 3586 1213 3640 179.

66 3667 157 3732 Mb
175 3669 386 3729 nobilissimum
408 3670 504 3729 locum
525 3666 695 3730 Callimachi
716 3690 754 3728 ex
775 3667 886 3745 Hymu.
910 3669 939 3725 iu
954 3665 1055 3742 Apoll.
1079 3670 1214 3727 y.107.:

150 3748 315 3835 Ἀσσυρίου
338 3760 488 3831 ποταμοῖο
508 3752 603 3832 μίγας
625 3748 712 3834 ῥόος·
734 3749 813 3814 ἀλλὰ
835 3748 874 3812 τὰ
896 3747 995 3811 πολλὰ

155 3834 299 3915 Asinaeo
319 3840 376 3917 γῆς
396 3839 447 3899 καὶ
470 3836 582 3900 πολλὸν
603 3835 651 3920 icp'
671 3833 759 3899 aidau
782 3832 936 3921 συρφετὸν
958 3831 1045 3908 ἕλκει,

68 3946 159 4001 quem
178 3926 206 3985 si
226 3922 423 3985 Blomlieldos
441 3925 477 3985 ad
498 3923 529 3984 h.
544 3945 572 3984 v.
595 3947 624 4000 p.
645 3928 696 3985 95.
727 3926 889 3999 suspicatur
911 3921 1034 3981 Horatio
1057 3921 1093 3980 de
1116 3918 1217 3983 Cassio

69 4008 195 4071 Etrusco
218 4011 355 4071 scribenti
381 4012 564 4070 obversatum
584 4030 666 4084 esse,
699 4010 824 4079 fallitur,
855 4030 908 4068 nec
930 4007 1025 4083 vidit,
1057 4007 1218 4069 diversissi-

68 4117 149 4156 mam
169 4116 236 4156 case
255 4096 404 4170 utriumque
424 4096 482 4155 loci
503 4088 652 4155 rationem.
696 4093 729 4154 A
751 4092 929 4153 Callimacho
951 4096 1045 4168 euim,
1068 4097 1117 4168 qui
1139 4092 1218 4174 μέγα

69 4179 193 4257 βιβλίον
214 4200 280 4241 esse
301 4183 479 4241 existimaret
498 4176 577 4259 μέγα
598 4175 708 4254 κακὸν,
731 4182 792 4239 illis
811 4181 942 4239 versibus
959 4182 1113 4255 perstringi
1124 4180 1217 4255 Apol·

69 4268 145 4327 lonii
165 4264 273 4327 Rhodii
296 4265 511 4344 Argentariam,
539 4266 650 4326 ostersdi
672 4269 702 4324 iu
724 4267 812 4324 liba:
838 4263 935 4325 Uebcr
956 4263 1013 4325 dm
1033 4264 1135 4323 Laden
1155 4263 1221 4322 arad

71 4348 201 4415 Gallici!
218 4349 272 4413 dea
290 4352 475 4429 Apollonius
494 4374 523 4412 a.
541 4348 676 4414 Rhodus
698 4349 779 4430 Kup.
795 4349 821 4413 l.
843 4352 870 4429 §
890 4356 941 4414 1³.
964 4371 994 4426 p·
1011 4357 1062 4413 78.
1077 4368 1122 4425 sq.

116 4450 316 4519 Wncmr.
340 4452 516 4519 Caussa.
952 4453 998 4524 15
