2686 5236
478 105 507 146 -:l

155 653 234 733 24⁰
497 676 549 727 nr
574 642 712 727 oassro
735 674 957 727 rsrnnssr.

154 840 261 943 poris
286 836 554 938 scriptoribus,
579 844 661 912 tam
684 860 803 939 sagax
826 846 886 914 est
909 862 956 915 ao
980 838 1157 935 divinus,
1181 847 1229 915 ut
1251 843 1305 915 in-

155 960 316 1060 vestiget
341 966 380 1032 et
405 959 453 1031 ad
479 958 682 1055 quamdam
715 958 990 1055 probabilitatis
1022 960 1194 1058 speciem
1219 986 1304 1060 per·

125 1073 300 1169 ‘ducati'
339 1076 385 1149 Id
417 1085 544 1150 autern
578 1075 693 1165 mibi,
734 1075 767 1149 ai
801 1077 896 1173 quid
931 1077 1056 1169 alind,
1093 1080 1304 1156 certissirne

155 1218 378 1298 persuasum
417 1202 497 1286 est,
541 1193 622 1267 falb
660 1191 878 1292 Spobninm
918 1195 1111 1295 aliosque,
1156 1199 1226 1296 qui
1259 1201 1304 1273 do

155 1323 265 1393 vasto
295 1313 441 1389 ambitu
480 1336 642 1410 operum
677 1310 945 1387 Cassianortnn
969 1317 1139 1415 cogitent
1164 1327 1204 1392 et
1227 1318 1303 1393 llo-

155 1435 298 1509 rotium
323 1431 462 1506 faciant
486 1454 539 1506 ex
566 1431 718 1505 Tibullo
744 1440 1012 1529 quaerentem:
1043 1436 1243 1531 dicamne,
1266 1446 1303 1513 te

156 1578 253 1651 opus
277 1550 427 1644 moliri,
455 1551 560 1649 qu'od
584 1550 729 1623 ambitu
753 1574 824 1624 suo
849 1558 954 1625 vesta
976 1550 1097 1627 Cassii
1120 1553 1303 1631 Parmen-

156 1672 209 1747 sis
234 1692 352 1769 opera
384 1663 619 1768 eriperet&
660 1667 758 1741 Nam
783 1693 873 1743 cum
896 1670 968 1744 hoc
992 1671 1303 1769 interpretatione

155 1816 236 1867 non
260 1812 443 1887 assoqlror
467 1784 660 1886 quomodo
677 1787 870 1862 conciliari
885 1797 999 1887 queat
1015 1789 1303 1869 Deminutivum

156 1908 428 2009 „opusculo“,
448 1907 567 2005 quod
599 1914 810 2004 utcumque
840 1908 979 2006 accipis
1005 1898 1111 1983 oe'rte
1137 1912 1187 1985 de
1214 1935 1303 2011 ope·

155 2052 246 2102 nrm
281 2027 456 2103 vastitate
491 2032 530 2099 et
559 2025 706 2098 arnbitn
737 2026 845 2099 nullo
876 2034 990 2125 pacto
1023 2026 1186 2129 intelligi
1220 2036 1303 2128 pot-

157 2154 226 2221 est.
270 2143 405 2219 Solent
429 2166 477 2217 eo
492 2143 648 2217 nomine
673 2143 714 2217 in
729 2144 951 2220 universum
969 2145 1141 2245 insigniri
1158 2148 1301 2223 minora

157 2264 282 2339 onnnis
300 2261 448 2362 generis
463 2271 651 2361 poemata.
685 2262 752 2337 Sic
763 2262 907 2345 Plinius
917 2262 1023 2339 Libr.
1034 2263 1122 2337 vll.
1137 2264 1257 2366 Epist.
1266 2268 1301 2341 9.

155 2381 298 2482 ingenii
322 2381 427 2454 lusus
451 2388 491 2455 et
523 2404 678 2472 versus,
712 2381 850 2479 quibus
883 2383 1025 2456 summi
1057 2383 1208 2482 quique
1233 2386 1301 2463 viri

155 2525 198 2578 sa
242 2500 474 2575 exercebant
516 2508 557 2574 et
601 2499 863 2593 delectabant,
912 2524 1221 2578 commemorans
1253 2504 1301 2577 ait

37 2606 45 2621 ’
157 2622 289 2711 §.Ha
314 2617 453 2709 »Νιωη
478 2617 624 2690 mir-cm
649 2631 724 2712 est,
761 2631 808 2691 ut
832 2618 894 2693 luis
920 2619 1119 2718 opstscnlis
1145 2621 1299 2696 animm

155 2736 738 2837 intendntnrremittalnrqne.“
758 2737 868 2812 Idem
878 2740 984 2811 Libr.
993 2735 1098 2811 Vffl.
1109 2739 1235 2838 Epist.
1243 2742 1298 2816 21.

156 2859 254 2948 §.la
282 2855 431 2949 „Liber
436 2854 531 2952 fnit
546 2868 583 2928 ct
601 2854 798 2955 opusculis
813 2856 954 2930 varr’us
969 2870 1008 2930 et
1021 2858 1204 2933 metrae's.“
1226 2861 1299 2933 Ad-

157 2977 267 3050 datnr
289 2973 541 3047 Terentianus
562 2975 718 3049 Maurus
735 2976 783 3049 de
798 2974 929 3049 Metria
954 3001 994 3051 v.
1015 2976 1150 3050 lacn:
1177 2978 1298 3072 „nul-

157 3093 220 3168 cia
254 3090 464 3190 Septimius
497 3091 567 3191 qui
605 3091 763 3191 scripsit
797 3095 986 3192 opuscula
1016 3101 1198 3193 nopcr“.·
1239 3094 1296 3169 nbi

156 3210 398 3309 intelligenda
433 3218 522 3283 sunt
553 3209 598 3283 Α.
625 3210 801 3309 Septimii
836 3209 973 3286 Sereni
1011 3214 1206 3311 opuscnla
1236 3240 1295 3287 ru-

155 3329 264 3405 ralia
275 3380 288 3418 ,
317 3349 417 3426 qnae
442 3328 600 3403 minutis
623 3330 796 3427 variique
821 3330 935 3403 metri
960 3330 1195 3404 canninibns
1214 3356 1295 3406 eon·

157 3448 297 3523 stitisse
332 3446 460 3520 docuit
491 3445 775 3521 Wernsdorlius
806 3447 849 3520 in
882 3447 926 3522 P.
955 3446 1002 3521 L.
1034 3448 1087 3520 M.
1124 3448 1238 3524 Toni.
1253 3448 1293 3522 Π.

156 3592 196 3666 p.
214 3562 303 3639 251.
323 3590 409 3662 sqq.
434 3604 488 3620 ·-
519 3565 652 3664 ltaque
687 3566 720 3640 si
750 3590 825 3664 qua
859 3566 1075 3639 Parmensis
1103 3566 1225 3643 Cassii
1246 3568 1295 3643 ri·

131 3685 346 3796 'operatio
370 3684 434 3760 hic
459 3686 677 3784 quaerenda
703 3684 794 3780 erit,
819 3685 1049 3783 praestiterit
1065 3710 1158 3761 cnm
1173 3688 1294 3762 Rnbn·

156 3883 365 3893 ”nan——

244 3994 297 4069 29)
324 3989 445 4053 Jebniua
472 3991 509 4051 od
529 3989 632 4052 Horat.
661 3987 723 4051 Sat.
744 3987 790 4051 X.
821 4011 850 4067 p.
874 3996 967 4069 250„
997 4011 1071 4067 quac
1093 3988 1241 4070 Spobnius
1264 3990 1293 4051 (le

156 4076 213 4139 boc
240 4079 303 4139 loco
331 4080 360 4136 in
389 4076 504 4139 Scholia
532 4078 720 4152 dissenserit,
748 4077 878 4136 reserens
904 4078 945 4136 ita
974 4078 1092 4136 scribite
1126 4079 1227 4153 „Fuit
1252 4076 1294 4137 ille

157 4170 208 4239 (n.
231 4164 351 4226 Cassius
372 4162 512 4224 Etnncns
538 4166 600 4224 sire
621 4160 803 4238 Parmensis)
827 4176 919 4238 posto
944 4161 1103 4223 mulsam
1131 4170 1293 4233 emnium,

157 4273 233 4331 quoe
262 4266 359 4309 tamen
379 4250 490 4309 nullium
511 4251 606 4325 pmii
632 4261 727 4308 erant.
772 4246 890 4307 Errant
910 4252 1005 4321 enim,
1035 4253 1090 4328 qui
1112 4251 1245 4312 Cassium
1262 4246 1293 4307 ob

157 4334 290 4395 Horatio
312 4334 410 4409 Epist.
428 4332 458 4393 Ι.
482 4338 513 4395 4.
535 4340 565 4395 3.
587 4331 711 4394 laudmi
726 4347 846 4408 piuant.
889 4332 941 4393 Iba·
961 4336 1038 4393 enim
1057 4332 1213 4397 Horatius
1230 4332 1297 4395 «llll

157 4416 231 4480 dicit
255 4423 334 4481 nisi:
368 4418 509 4479 scribisne
536 4436 569 4478 m
595 4441 669 4495 opus
690 4417 857 4498 quoddam,
886 4416 968 4499 quod
985 4424 1124 4481 vocitato
1143 4444 1201 4482 sao
1219 4425 1295 4482 aian

157 4520 242 4565 costo
262 4506 359 4565 Gnosii
378 4505 520 4580 opusctdo
540 4509 707 4581 παρῆσθ’(
733 4503 774 4563 Et
793 4504 830 4563 ad
851 4505 945 4565 locam
968 4502 1118 4580 Epistoloe
1138 4508 1161 4567 l.
1180 4508 1217 4568 ab
1234 4504 1295 4568 Jal-

157 4593 208 4651 nio
238 4611 267 4665 p.
292 4594 364 4650 274.
387 4591 549 4650 adnotatum
572 4592 711 4667 legimus:
746 4592 861 4665 „vinem
881 4612 922 4650 sc.
944 4604 1026 4649 vasto
1054 4590 1187 4667 (nabitu,
1215 4612 1297 4671 neque

158 4697 227 4737 cm
250 4679 447 4751 praenomic.
492 4676 611 4735 Cassius
631 4679 708 4735 enim
733 4674 838 4737 mullos
858 4690 886 4737 ct
907 4690 1003 4737 costos
1023 4674 1116 4739 libm
1135 4683 1296 4758 scripserim

158 4766 212 4845 qui
230 4776 328 4823 tanco
347 4759 459 4822 nullius
473 4765 568 4840 pretii
587 4763 713 4824 ονωαέ(
