2686 5236
67 690 71 703 ’
174 666 250 743 3³8
523 690 571 738 ns
599 688 736 742 cnssro
763 686 986 739 rsusrsusr.

175 853 303 945 ribus,
330 852 378 925 do
393 852 533 948 ‹pribus
548 876 619 950 pro
635 848 749 953 hujus
775 850 993 949 scriptionis
1023 851 1191 928 consilio
1213 875 1301 953 puna

176 973 337 1047 (licendo
363 980 462 1044 sunl.

279 1094 309 1164 l.
344 1088 472 1163 Prima
505 1086 587 1190 cjrrs
622 1113 722 1163 rrxcr
754 1085 826 1163 luil
851 1089 1013 1181 Fadia,
1049 1088 1131 1163 lilio
1156 1090 1203 1184 Q.
1227 1090 1301 1166 Μ

176 1211 360 1302 libertini,
387 1218 430 1281 ut
455 1207 633 1282 discimus
658 1232 711 1281 ex
729 1207 924 1283 Ciceronis
939 1209 1115 1309 Philipp.
1142 1209 1196 1284 ll.
1220 1233 1250 1285 c.
1263 1214 1301 1285 2:

176 1354 330 1430 „pum
355 1340 392 1401 le
416 1350 550 1401 curuos
583 1328 884 1400 recordarentur
915 1326 1101 1402 libertini
1129 1352 1301 1424 generos,

177 1464 214 1523 ot
239 1447 378 1520 liberos
404 1458 505 1535 tuos,
531 1456 689 1545 rapotae
709 1445 753 1540 Q.
772 1443 911 1536 Fadii,
939 1444 1126 1520 libert-ini
1148 1444 1301 1535 bomini,

164 1566 345 1667 flasser‘
395 1565 505 1637 lluuo
522 1566 574 1636 M.
594 1563 747 1639 Antonii
763 1587 939 1638 socerum
964 1589 1059 1639 cum
1086 1565 1133 1639 in
1158 1564 1302 1641 confesso
1336 1604 1338 1653 ;

175 1687 223 1760 sit
248 1684 384 1783 respici
415 1708 438 1757 s
464 1682 646 1757 Cicerone
678 1684 726 1756 orl
751 1683 863 1759 Attio.
889 1683 1001 1757 Libr.
1027 1684 1143 1759 XVI.
1176 1709 1235 1785 cp.
1258 1684 1301 1755 ll.

175 1814 206 1895 §.
234 1805 287 1877 l.:
322 1812 538 1895 „lusst
576 1813 622 1874 ul
647 1800 776 1875 sciant
801 1808 921 1885 παῖδες
950 1804 1092 1875 παίδων
1127 1802 1210 1879 sine
1238 1800 1302 1875 silo

176 1921 401 2013 Luciliano,
429 1946 517 1994 eum
537 1946 588 1993 cx
610 1920 652 1996 G.
670 1918 793 1993 Fadii
803 1919 902 2017 filia
928 1919 1073 1997 liberos
1090 1921 1302 2007 sumansu
1336 1920 1338 1933 '

174 2044 214 2116 in
239 2044 313 2116 hoc
339 2041 520 2138 epistolae
547 2040 652 2131 loco,
678 2048 887 2138 praeeunte
904 2038 1111 2136 Ferrario,
1139 2039 1300 2116 sinchue·
1335 2118 1338 2131 ¹

174 2160 346 2234 silutiouo
382 2157 522 2255 Quinti
552 2182 785 2257 praenomen
820 2161 1097 2256 reponendum
1141 2166 1217 2233 ests
1253 2154 1300 2254 qui

173 2278 416 2352 librationum
442 2278 569 2376 lapsus
594 2284 702 2351 tanto
727 2274 870 2352 facilior
895 2286 971 2371 est,
1000 2301 1097 2351 oum
1126 2279 1169 2355 C.
1186 2275 1299 2377 possim
1330 2290 1338 2307 '

172 2422 243 2496 pcr
264 2398 312 2471 G.
332 2396 592 2496 exprimatur,
619 2401 660 2468 ul
688 2396 836 2471 ostendi
858 2395 902 2468 in
924 2393 1188 2473 commentat.
1211 2390 1298 2467 uel.

177 2516 302 2593 Vario
331 2518 451 2590 Poeta
478 2524 509 2603 l.
537 2515 573 2587 4.
604 2512 648 2587 N.
679 2515 738 2588 14.
791 2514 901 2588 Addo
927 2537 982 2588 ox
1007 2512 1209 2590 Ciceronis
1229 2509 1297 2584 l’bi·

172 2636 264 2734 lipp.
283 2636 349 2707 Ill.
375 2661 407 2709 c.
426 2636 481 2707 u:
509 2686 537 2723 „
550 2632 632 2732 ipse
649 2633 717 2728 (M.
734 2633 934 2729 Antonius)
951 2658 1006 2706 cx
1033 2632 1211 2708 libertini
1221 2628 1295 2731 filio

172 2752 379 2853 susceperit
414 2753 604 2826 libcros.“
674 2753 818 2845 Quibus
858 2777 910 2825 cx
942 2752 1039 2827 locis
1076 2755 1231 2851 planum
1256 2748 1293 2837 il,

171 2872 224 2946 M.
240 2874 407 2946 Antonio
433 2870 548 2945 fuisso
573 2872 729 2969 ‹priclom
755 2895 807 2943 ox
832 2871 898 2944 illu
916 2870 1036 2944 Fadia
1061 2872 1224 2965 liberos,
1245 2866 1294 2941 sel

171 3002 251 3065 lum
282 2990 359 3090 jum
392 2998 575 3063 mortuos.
636 2989 730 3062 Eum
763 2988 1007 3063 hauddubie
1033 2987 1292 3065 adolosccnsin

170 3111 455 3183 matrimonium
479 3111 661 3201 duxerat,
688 3132 807 3205 eaque
832 3108 913 3183 sive
930 3117 1093 3183 mortua
1110 3110 1191 3185 sive
1204 3130 1291 3205 repu-

169 3229 266 3301 diata
292 3229 405 3300 alium
431 3228 670 3324 (promiserat
696 3227 969 3320 conditionem,

272 3346 322 3417 ll.
352 3344 596 3435 Aulom'am,
637 3345 678 3419 C.
706 3345 858 3419 Antonii
883 3347 1010 3443 patuli
1038 3346 1180 3435 filiam,
1213 3350 1289 3427 usic

166 3473 210 3536 ut
244 3464 423 3559 equidem
456 3473 567 3562 puto,
603 3465 804 3538 miuorom.
858 3466 936 3540 Seu
972 3492 1057 3539 nou
1086 3465 1203 3538 mullo
1226 3468 1289 3559 posi

167 3606 251 3656 cam
269 3580 411 3655 dimisit
429 3595 644 3680 suspectum
663 3586 710 3657 ‹lc
729 3584 914 3658 adulterio
934 3608 1025 3657 cum
1044 3585 1089 3657 P.
1111 3580 1287 3659 llolabellu

165 3702 211 3775 ul
244 3700 385 3775 luotrun
419 3703 667 3775 vehomenter
700 3703 866 3802 exagitat
899 3701 1038 3776 (icero
1073 3694 1286 3800 Philippu

166 3845 200 3895 c.
227 3822 309 3894 38.:
352 3872 377 3913 ‚,
392 3822 425 3892 F
423 3818 532 3892 iliam
566 3822 647 3913 ciris
676 3822 732 3915 (C.
760 3820 954 3915 Antonii),
990 3846 1169 3895 sororem
1203 3832 1287 3891 lsau

166 3940 426 4037 (palmeum),
448 3937 603 4031 eiecisti,
624 3938 707 4012 alia
726 3938 945 4014 conditione
961 3939 1148 4038 purcesila
1166 3951 1201 4012 ol
1218 3946 1287 4009 anu

158 4071 376 4159 perspecta.
429 4058 521 4130 Nou
547 4071 601 4129 ost
629 4057 740 4133 salis.
793 4056 933 4132 Probri
964 4056 1216 4132 ¹insimulasti
1232 4079 1287 4155 pu·

164 4176 401 4251 dicicsaeiuaus
416 4176 631 4273 sonuimus.
668 4220 719 4233 -
763 4180 974 4252 Contentus
999 4200 1048 4249 eo
1076 4202 1161 4251 acu
1173 4168 1287 4275 findi.

162 4294 488 4396 Fropuculissiruo
514 4299 662 4369 Souala
686 4295 876 4370 Kalendis
905 4295 1124 4370 Ianuariis
1158 4296 1286 4371 sedem

155 4426 321 4513 patruo,
349 4416 452 4487 liram
477 4413 551 4487 libi
573 4440 655 4487 csso
679 4442 768 4488 cam
785 4414 992 4489 Dolabella
1018 4440 1209 4489 caenosam
1226 4401 1288 4485 odil

162 4531 287 4605 dicore
322 4561 444 4606 aursus
479 4560 518 4606 cs
528 4586 541 4623 ,
577 4536 681 4632 puocl
706 4533 755 4607 ab
782 4559 825 4607 eo
851 4532 983 4606 sorori
1005 4546 1045 4607 et
1071 4532 1197 4608 sexori
1217 4544 1285 4604 tua

160 4664 341 4750 slupmm
356 4653 527 4725 oblatam
546 4678 628 4726 osso
648 4652 938 4752 cousperissos.“
993 4646 1282 4752 Glanuorpiusir

160 4770 358 4848 Onomast.
391 4796 429 4870 p.
457 4772 521 4845 83.
556 4782 594 4847 et
619 4774 683 4849 86.
718 4773 816 4849 bono
841 4772 1047 4848 Antoniam
1074 4772 1170 4849 dicit
1193 4770 1281 4845 luisse
