2670 5294
266 316 328 376 ‚nn
354 315 491 367 orosio
513 314 732 367 ranunnsr.
1004 290 1080 369 275

91 530 103 553 .
139 477 236 573 (vid.
272 476 442 575 Zumptii
476 475 673 577 Supplem.
706 503 747 576 p.
769 479 875 574 279.)
902 474 1079 567 offerunt,

89 596 264 672 *evocavit
295 594 557 697 Spaldingins,
602 605 641 671 et
673 592 752 696 jam
777 594 1004 671 Gebhardus
1041 599 1082 670 in

91 715 164 788 diis
195 712 381 787 Librsll.
423 739 456 791 o.
487 718 549 790 15.
582 742 621 814 p.
648 716 711 790 95.
753 717 931 790 eamdam
964 716 1081 789 tuinrs
1157 748 1160 753 ·

89 858 141 906 un
181 831 403 932 letoripedem
443 859 570 908 senem
598 834 772 932 explieat
805 835 1079 934 tardigradam,

89 953 254 1052 »ligatum
272 974 395 1049 eospre
412 951 552 1027 lentius
571 958 870 1050 promoventem.
924 951 1080 1027 Confert

89 1071 140 1143 nti
174 1068 320 1166 Epidio.
342 1070 386 1143 V.
408 1072 442 1143 l.
469 1094 508 1146 v.
524 1071 588 1145 21.
616 1071 735 1170 pedes
759 1073 1005 1170 polonorum,
1041 1081 1080 1144 et

89 1188 194 1262 robii
213 1185 367 1261 Satrun.
395 1187 499 1263 Libr.
520 1188 552 1261 Ι.
578 1214 615 1263 o.
631 1193 668 1262 8.
695 1191 944 1287 proverbium
959 1191 1081 1288 quod-

89 1310 215 1396 ‚,Deos
242 1308 378 1380 laneos
396 1307 518 1405 pedes
544 1308 728 1382 hrtbew.“
779 1308 906 1383 Minus
929 1332 1081 1383 aenom-

89 1461 91 1492 ι
126 1432 322 1522 comparat
355 1425 598 1499 Burmannus
633 1450 721 1501 oum
756 1452 868 1504 vorsu
904 1427 1081 1501 Cassiano

89 1544 112 1617 ii
144 1541 316 1617 Eunuob.
342 1540 411 1615 IV.
437 1545 475 1618 4.
501 1569 539 1620 v.
560 1546 617 1618 3.:
652 1547 792 1634 „Illud
815 1543 926 1635 or‘de,
969 1571 1013 1618 os
1038 1558 1082 1618 ut

89 1659 212 1735 rtorsit
237 1659 466 1758 carnifeoe.“
956 1705 958 1711 s

89 1856 136 1925 re
154 1855 274 1904 unum
307 1830 422 1931 vulgo
454 1840 607 1930 putatur
641 1841 793 1909 exstare
819 1834 1083 1935 fragmentum,

92 1951 116 2022 d
144 1948 262 2023 Cassii
287 1948 502 2024 Parmensis
538 1953 809 2053 epigrammata
834 1953 1084 2052 probabiliter

101 2075 227 2166 queat.
278 2066 373 2140 Mihi
399 2075 528 2144 autem
552 2072 768 2144 remetienti
801 2071 929 2143 arrimo
954 2077 993 2143 et
1019 2095 1084 2142 oo-

89 2212 122 2261 re
149 2186 268 2260 Cassii
293 2185 509 2263 Parmensis
532 2189 654 2264 vitam
677 2194 717 2263 et
741 2186 837 2280 fata,
872 2188 920 2260 de
946 2189 1085 2285 quibus

89 2316 117 2396 5.
146 2307 205 2378 12.
235 2311 276 2378 et
304 2306 363 2378 13.
381 2311 516 2380 actum
542 2315 618 2400 est,
653 2327 697 2379 ac
722 2305 935 2403 reputanti,
951 2290 1085 2403 'spiam

123 2425 188 2498 ille
222 2424 262 2496 in
287 2421 491 2501 Caesarem
517 2422 770 2500 Octavianum
795 2421 909 2498 fuerit
933 2447 1085 2498 manse-

101 2544 149 2617 ad
182 2543 285 2618 vitae
318 2566 442 2640 nesure
475 2545 621 2620 exitum
654 2542 801 2636 animo,
844 2541 886 2616 iu
918 2550 1087 2615 mentem

89 2661 283 2760 suspicari,
329 2661 379 2734 ad
412 2685 501 2736 eum
535 2669 727 2760 tamquam
758 2668 952 2746 auctorem
984 2659 1086 2734 refe-

89 2805 105 2854 n
139 2804 222 2855 esse
254 2804 375 2854 unum
407 2781 579 2879 itemque
610 2781 773 2854 altenrm
806 2802 858 2852 ex
888 2786 1086 2854 contume-

89 2897 374 2998 epigrannnatis‚
408 2900 546 2995 «nribus
573 2898 718 2974 Romae
745 2896 908 2986 ἀνωνυμεὲ
933 2897 1089 2997 evulga-

90 3017 281 3091 umvirnm
306 3016 424 3089 istum
448 3017 612 3116 petitum
626 3017 909 3116 laceratumque
935 3042 1040 3112 esse,
1067 3039 1090 3088 a

89 3137 132 3209 io
157 3135 365 3209 memoriae
390 3121 584 3234 proditum
612 3135 785 3237 legimus.

89 3348 112 3395 x
136 3321 210 3396 hoo
233 3344 393 3395 munero
410 3344 492 3396 aue
509 3318 638 3422 judico
662 3323 776 3414 illud,
811 3318 916 3418 quod
940 3317 1091 3390 inveni-

89 3438 385 3514 ›urlSnetonirnn
393 3439 489 3540 Aug.
505 3464 539 3513 o.
557 3444 621 3516 70.
639 3439 680 3513 in
697 3463 854 3514 coenam
871 3435 1092 3518 δωδεκάθεον,

100 3561 261 3632 deorum
286 3557 520 3657 dearumque
545 3558 679 3633 habitu
703 3558 935 3635 discubuisse
962 3556 1095 3632 nonvi-

89 3679 245 3775 :ipsum
277 3701 350 3774 pro
382 3676 555 3774 Apolline
588 3685 784 3770 ornatum,
828 3701 908 3751 non
940 3674 1097 3748 Antonii

89 3796 289 3895 epistolae,
316 3795 555 3893 singulorum
579 3796 733 3870 nomina
754 3794 986 3870 amarissime
1002 3817 1098 3867 enu-

89 3913 153 4006 tis,
190 3913 532 4011 exprobraverant,
576 3915 646 3987 sed
672 3922 711 3988 et
736 3913 818 3988 sine
843 3921 999 3989 auctore
1026 3937 1097 3986 no-

112 4055 267 4107 voraris:

89 4174 139 4223 nu
174 4147 349 4249 primum
392 4148 557 4224 ntorum
597 4148 790 4224 conduxit
832 4174 970 4226 musa
1006 4149 1100 4223 cleo-

217 4332 220 4346 ,
568 4358 571 4365 .
615 4293 772 4365 rogum,

89 4388 223 4488 kaeane
248 4385 341 4461 deos
357 4385 465 4469 uidit
488 4386 659 4480 Mallia,
684 4413 830 4488 sexque
855 4387 968 4461 dens:

776 4507 860 4580 18*
