<?xml version="1.0" encoding="UTF-8"?>
<!DOCTYPE html PUBLIC "-//W3C//DTD XHTML 1.0 Transitional//EN"
    "http://www.w3.org/TR/xhtml1/DTD/xhtml1-transitional.dtd">
<html xmlns="http://www.w3.org/1999/xhtml" xml:lang="en" lang="en">
 <head>
  <title>
</title>
<meta http-equiv="Content-Type" content="text/html;charset=utf-8" />
  <meta name='ocr-system' content='tesseract 3.04.00' />
  <meta name='ocr-capabilities' content='ocr_page ocr_carea ocr_par ocr_line ocrx_word'/>
</head>
<body>
  <div class='ocr_page' id='page_1' title='image "./deluciivariietc00weicgoog_0083.png"; bbox 0 0 2686 5236; ppageno 0'>
   <div class='ocr_carea' id='block_1_1' title="bbox 442 634 1233 711">
    <p class='ocr_par' dir='ltr' id='par_1_1' title="bbox 442 634 1233 711">
     <span class='ocr_line' id='line_1_1' title="bbox 442 634 1233 711; baseline 0.003 -3"><span class='ocrx_word' id='word_1_1' title='bbox 442 657 493 709; x_wconf 83' lang='lat' dir='ltr'>os</span> <span class='ocrx_word' id='word_1_2' title='bbox 519 658 557 709; x_wconf 79' lang='grc' dir='ltr'>ι.</span> <span class='ocrx_word' id='word_1_3' title='bbox 581 657 709 711; x_wconf 74' lang='lat' dir='ltr'>varro</span> <span class='ocrx_word' id='word_1_4' title='bbox 736 656 882 709; x_wconf 73' lang='lat' dir='ltr'>socru·</span> <span class='ocrx_word' id='word_1_5' title='bbox 1183 634 1233 710; x_wconf 80' lang='lat' dir='ltr'>ol</span> 
     </span>
    </p>
   </div>
   <div class='ocr_carea' id='block_1_2' title="bbox 85 819 1240 2237">
    <p class='ocr_par' dir='ltr' id='par_1_2' title="bbox 85 819 1240 2237">
     <span class='ocr_line' id='line_1_2' title="bbox 85 819 1236 922; baseline 0 -22"><span class='ocrx_word' id='word_1_6' title='bbox 85 824 184 900; x_wconf 87' lang='lat' dir='ltr'>timu</span> <span class='ocrx_word' id='word_1_7' title='bbox 217 828 260 899; x_wconf 86' lang='lat' dir='ltr'>et</span> <span class='ocrx_word' id='word_1_8' title='bbox 290 822 465 899; x_wconf 89' lang='lat' dir='ltr'>omnium</span> <span class='ocrx_word' id='word_1_9' title='bbox 493 820 665 898; x_wconf 83' lang='lat' dir='ltr'>maximo</span> <span class='ocrx_word' id='word_1_10' title='bbox 698 819 880 917; x_wconf 68' lang='lat' dir='ltr'>Vsu-iuml,</span> <span class='ocrx_word' id='word_1_11' title='bbox 916 845 1034 922; x_wconf 84' lang='lat' dir='ltr'>quem</span> <span class='ocrx_word' id='word_1_12' title='bbox 1055 823 1236 901; x_wconf 85' lang='lat' dir='ltr'>novimus</span> 
     </span>
     <span class='ocr_line' id='line_1_3' title="bbox 85 938 1237 1045; baseline 0.003 -28"><span class='ocrx_word' id='word_1_13' title='bbox 85 941 322 1045; x_wconf 79' lang='lat' dir='ltr'>Panegyrioo</span> <span class='ocrx_word' id='word_1_14' title='bbox 347 943 564 1018; x_wconf 79' lang='lat' dir='ltr'>celebrasse</span> <span class='ocrx_word' id='word_1_15' title='bbox 586 941 799 1045; x_wconf 79' lang='lat' dir='ltr'>Augustum</span> <span class='ocrx_word' id='word_1_16' title='bbox 824 938 984 1044; x_wconf 84' lang='lat' dir='ltr'>ejusque</span> <span class='ocrx_word' id='word_1_17' title='bbox 1006 945 1237 1022; x_wconf 75' lang='lat' dir='ltr'>cumulum</span> 
     </span>
     <span class='ocr_line' id='line_1_4' title="bbox 85 1060 1237 1166; baseline 0.001 -28"><span class='ocrx_word' id='word_1_18' title='bbox 85 1060 296 1166; x_wconf 82' lang='lat' dir='ltr'>majorem,</span> <span class='ocrx_word' id='word_1_19' title='bbox 337 1060 382 1138; x_wconf 85' lang='lat' dir='ltr'>G.</span> <span class='ocrx_word' id='word_1_20' title='bbox 407 1062 554 1138; x_wconf 84' lang='lat' dir='ltr'>Julium</span> <span class='ocrx_word' id='word_1_21' title='bbox 587 1060 808 1156; x_wconf 83' lang='lat' dir='ltr'>Gaesarem,</span> <span class='ocrx_word' id='word_1_22' title='bbox 850 1061 1033 1164; x_wconf 74' lang='lat' dir='ltr'>singulari</span> <span class='ocrx_word' id='word_1_23' title='bbox 1066 1064 1237 1139; x_wconf 84' lang='lat' dir='ltr'>carmine</span> 
     </span>
     <span class='ocr_line' id='line_1_5' title="bbox 85 1179 1236 1282; baseline -0.001 -24"><span class='ocrx_word' id='word_1_24' title='bbox 85 1182 322 1282; x_wconf 77' lang='lat' dir='ltr'>deplorasse.</span> <span class='ocrx_word' id='word_1_25' title='bbox 381 1180 553 1257; x_wconf 81' lang='lat' dir='ltr'><strong>Thomas</strong></span> <span class='ocrx_word' id='word_1_26' title='bbox 579 1179 737 1257; x_wconf 75' lang='lat' dir='ltr'>Cronius</span> <span class='ocrx_word' id='word_1_27' title='bbox 769 1182 819 1257; x_wconf 77' lang='lat' dir='ltr'>ul</span> <span class='ocrx_word' id='word_1_28' title='bbox 845 1179 1060 1257; x_wconf 76' lang='lat' dir='ltr'>casauboni</span> <span class='ocrx_word' id='word_1_29' title='bbox 1086 1183 1135 1257; x_wconf 81' lang='lat' dir='ltr'>(le</span> <span class='ocrx_word' id='word_1_30' title='bbox 1161 1180 1236 1257; x_wconf 86' lang='lat' dir='ltr'>Sa·</span> 
     </span>
     <span class='ocr_line' id='line_1_6' title="bbox 85 1298 1238 1399; baseline 0 -22"><span class='ocrx_word' id='word_1_31' title='bbox 85 1303 211 1399; x_wconf 68' lang='lat' dir='ltr'>tyrim</span> <span class='ocrx_word' id='word_1_32' title='bbox 244 1299 381 1379; x_wconf 74' lang='lat' dir='ltr'>Graue.</span> <span class='ocrx_word' id='word_1_33' title='bbox 416 1300 530 1377; x_wconf 90' lang='lat' dir='ltr'>Poesi</span> <span class='ocrx_word' id='word_1_34' title='bbox 564 1308 605 1375; x_wconf 85' lang='lat' dir='ltr'>et</span> <span class='ocrx_word' id='word_1_35' title='bbox 642 1299 850 1377; x_wconf 78' lang='lat' dir='ltr'>Romanor.</span> <span class='ocrx_word' id='word_1_36' title='bbox 887 1298 1014 1376; x_wconf 85' lang='lat' dir='ltr'>Sotira</span> <span class='ocrx_word' id='word_1_37' title='bbox 1048 1300 1158 1375; x_wconf 85' lang='lat' dir='ltr'>Libr.</span> <span class='ocrx_word' id='word_1_38' title='bbox 1184 1300 1238 1378; x_wconf 93' lang='grc' dir='ltr'>Π.</span> 
     </span>
     <span class='ocr_line' id='line_1_7' title="bbox 85 1417 1237 1521; baseline -0.003 -24"><span class='ocrx_word' id='word_1_39' title='bbox 85 1445 121 1497; x_wconf 88' lang='lat' dir='ltr'>o.</span> <span class='ocrx_word' id='word_1_40' title='bbox 138 1421 180 1495; x_wconf 99' lang='grc'>3.</span> <span class='ocrx_word' id='word_1_41' title='bbox 195 1440 246 1520; x_wconf 87' lang='lat' dir='ltr'>·p.</span> <span class='ocrx_word' id='word_1_42' title='bbox 262 1420 352 1496; x_wconf 81' lang='grc'><strong>239.</strong></span> <span class='ocrx_word' id='word_1_43' title='bbox 379 1421 442 1496; x_wconf 84' lang='lat' dir='ltr'>ed.</span> <span class='ocrx_word' id='word_1_44' title='bbox 467 1419 604 1493; x_wconf 83' lang='lat' dir='ltr'>Remb.</span> <span class='ocrx_word' id='word_1_45' title='bbox 638 1419 870 1518; x_wconf 83' lang='lat' dir='ltr'>suspicatur,</span> <span class='ocrx_word' id='word_1_46' title='bbox 912 1417 1104 1521; x_wconf 83' lang='lat' dir='ltr'>Vollejum</span> <span class='ocrx_word' id='word_1_47' title='bbox 1140 1421 1237 1494; x_wconf 78' lang='lat' dir='ltr'>anti·</span> 
     </span>
     <span class='ocr_line' id='line_1_8' title="bbox 85 1522 1237 1633; baseline -0.001 -17"><span class='ocrx_word' id='word_1_48' title='bbox 85 1541 177 1616; x_wconf 80' lang='lat' dir='ltr'>eitia</span> <span class='ocrx_word' id='word_1_49' title='bbox 202 1540 359 1614; x_wconf 82' lang='lat' dir='ltr'>‹luotum</span> <span class='ocrx_word' id='word_1_50' title='bbox 383 1538 569 1614; x_wconf 81' lang='lat' dir='ltr'>extulisse</span> <span class='ocrx_word' id='word_1_51' title='bbox 592 1522 810 1633; x_wconf 70' lang='lat' dir='ltr'>Rabinun,</span> <span class='ocrx_word' id='word_1_52' title='bbox 837 1547 877 1615; x_wconf 87' lang='lat' dir='ltr'>et</span> <span class='ocrx_word' id='word_1_53' title='bbox 900 1540 1044 1616; x_wconf 86' lang='lat' dir='ltr'>invidia</span> <span class='ocrx_word' id='word_1_54' title='bbox 1061 1539 1237 1615; x_wconf 87' lang='lat' dir='ltr'>omisisse</span> 
     </span>
     <span class='ocr_line' id='line_1_9' title="bbox 85 1658 1237 1758; baseline 0.001 -24"><span class='ocrx_word' id='word_1_55' title='bbox 85 1658 262 1734; x_wconf 83' lang='lat' dir='ltr'>Varium.</span> <span class='ocrx_word' id='word_1_56' title='bbox 324 1658 432 1734; x_wconf 87' lang='lat' dir='ltr'>Mera</span> <span class='ocrx_word' id='word_1_57' title='bbox 465 1664 526 1733; x_wconf 86' lang='lat' dir='ltr'>est</span> <span class='ocrx_word' id='word_1_58' title='bbox 558 1664 599 1733; x_wconf 86' lang='lat' dir='ltr'>et</span> <span class='ocrx_word' id='word_1_59' title='bbox 631 1682 680 1732; x_wconf 89' lang='lat' dir='ltr'>ne</span> <span class='ocrx_word' id='word_1_60' title='bbox 713 1659 923 1758; x_wconf 86' lang='lat' dir='ltr'>probabilis</span> <span class='ocrx_word' id='word_1_61' title='bbox 958 1659 1116 1757; x_wconf 78' lang='lat' dir='ltr'>qtridem</span> <span class='ocrx_word' id='word_1_62' title='bbox 1141 1685 1237 1735; x_wconf 86' lang='lat' dir='ltr'>oon·</span> 
     </span>
     <span class='ocr_line' id='line_1_10' title="bbox 85 1775 1239 1883; baseline 0.001 -29"><span class='ocrx_word' id='word_1_63' title='bbox 85 1775 252 1883; x_wconf 81' lang='lat' dir='ltr'>jeotura!</span> <span class='ocrx_word' id='word_1_64' title='bbox 277 1777 487 1877; x_wconf 80' lang='lat' dir='ltr'>Equidem,</span> <span class='ocrx_word' id='word_1_65' title='bbox 518 1777 586 1876; x_wconf 79' lang='lat' dir='ltr'>qui</span> <span class='ocrx_word' id='word_1_66' title='bbox 609 1776 816 1852; x_wconf 82' lang='lat' dir='ltr'>lectionem</span> <span class='ocrx_word' id='word_1_67' title='bbox 840 1779 1035 1878; x_wconf 86' lang='lat' dir='ltr'>vulgatam</span> <span class='ocrx_word' id='word_1_68' title='bbox 1052 1780 1239 1856; x_wconf 78' lang='lat' dir='ltr'>tuendam</span> 
     </span>
     <span class='ocr_line' id='line_1_11' title="bbox 85 1893 1238 1996; baseline -0.001 -24"><span class='ocrx_word' id='word_1_69' title='bbox 85 1898 209 1991; x_wconf 77' lang='lat' dir='ltr'>cluoo,</span> <span class='ocrx_word' id='word_1_70' title='bbox 252 1897 307 1971; x_wconf 84' lang='lat' dir='ltr'>ita</span> <span class='ocrx_word' id='word_1_71' title='bbox 339 1895 415 1972; x_wconf 89' lang='lat' dir='ltr'>hoo</span> <span class='ocrx_word' id='word_1_72' title='bbox 441 1896 604 1972; x_wconf 86' lang='lat' dir='ltr'>deloco</span> <span class='ocrx_word' id='word_1_73' title='bbox 629 1903 763 1971; x_wconf 84' lang='lat' dir='ltr'>statuo.</span> <span class='ocrx_word' id='word_1_74' title='bbox 823 1893 989 1996; x_wconf 76' lang='lat' dir='ltr'>Velleius</span> <span class='ocrx_word' id='word_1_75' title='bbox 1014 1897 1238 1972; x_wconf 84' lang='lat' dir='ltr'>Paterculus</span> 
     </span>
     <span class='ocr_line' id='line_1_12' title="bbox 85 2016 1239 2116; baseline 0.001 -26"><span class='ocrx_word' id='word_1_76' title='bbox 85 2023 219 2116; x_wconf 75' lang='lat' dir='ltr'>oporte</span> <span class='ocrx_word' id='word_1_77' title='bbox 242 2016 307 2092; x_wconf 93' lang='lat' dir='ltr'>hio</span> <span class='ocrx_word' id='word_1_78' title='bbox 330 2016 461 2116; x_wconf 88' lang='lat' dir='ltr'>opioos</span> <span class='ocrx_word' id='word_1_79' title='bbox 478 2023 628 2090; x_wconf 86' lang='lat' dir='ltr'>tantum</span> <span class='ocrx_word' id='word_1_80' title='bbox 646 2023 776 2115; x_wconf 82' lang='lat' dir='ltr'>poetas</span> <span class='ocrx_word' id='word_1_81' title='bbox 794 2023 838 2090; x_wconf 91' lang='lat' dir='ltr'>ut</span> <span class='ocrx_word' id='word_1_82' title='bbox 853 2016 1046 2115; x_wconf 82' lang='lat' dir='ltr'>principes</span> <span class='ocrx_word' id='word_1_83' title='bbox 1065 2017 1239 2092; x_wconf 89' lang='lat' dir='ltr'>omnium</span> 
     </span>
     <span class='ocr_line' id='line_1_13' title="bbox 85 2133 1240 2237; baseline 0.002 -28"><span class='ocrx_word' id='word_1_84' title='bbox 85 2141 288 2237; x_wconf 81' lang='lat' dir='ltr'>poetantm</span> <span class='ocrx_word' id='word_1_85' title='bbox 320 2136 447 2236; x_wconf 86' lang='lat' dir='ltr'>primo</span> <span class='ocrx_word' id='word_1_86' title='bbox 479 2135 608 2234; x_wconf 83' lang='lat' dir='ltr'>posuit</span> <span class='ocrx_word' id='word_1_87' title='bbox 639 2136 737 2212; x_wconf 84' lang='lat' dir='ltr'>looo.</span> <span class='ocrx_word' id='word_1_88' title='bbox 794 2135 894 2210; x_wconf 84' lang='lat' dir='ltr'>Hine</span> <span class='ocrx_word' id='word_1_89' title='bbox 927 2135 1130 2236; x_wconf 77' lang='lat' dir='ltr'>Virgilius,</span> <span class='ocrx_word' id='word_1_90' title='bbox 1176 2133 1240 2211; x_wconf 87' lang='lat' dir='ltr'>oui</span> 
     </span>
    </p>
   </div>
   <div class='ocr_carea' id='block_1_3' title="bbox 86 2246 1239 2592">
    <p class='ocr_par' dir='ltr' id='par_1_3' title="bbox 86 2246 1239 2592">
     <span class='ocr_line' id='line_1_14' title="bbox 87 2246 1238 2354; baseline -0.001 -23"><span class='ocrx_word' id='word_1_91' title='bbox 87 2254 304 2331; x_wconf 82' lang='lat' dir='ltr'>communis</span> <span class='ocrx_word' id='word_1_92' title='bbox 328 2246 502 2328; x_wconf 93' lang='lat' dir='ltr'>omnium</span> <span class='ocrx_word' id='word_1_93' title='bbox 527 2277 735 2329; x_wconf 80' lang='lat' dir='ltr'>eonsensus</span> <span class='ocrx_word' id='word_1_94' title='bbox 760 2253 802 2327; x_wconf 92' lang='lat' dir='ltr'>in</span> <span class='ocrx_word' id='word_1_95' title='bbox 828 2255 934 2353; x_wconf 89' lang='lat' dir='ltr'>epioa</span> <span class='ocrx_word' id='word_1_96' title='bbox 958 2256 1068 2354; x_wconf 87' lang='lat' dir='ltr'>poesi</span> <span class='ocrx_word' id='word_1_97' title='bbox 1093 2255 1238 2353; x_wconf 83' lang='lat' dir='ltr'>prinoi-</span> 
     </span>
     <span class='ocr_line' id='line_1_15' title="bbox 86 2371 1238 2474; baseline 0.002 -27"><span class='ocrx_word' id='word_1_98' title='bbox 86 2380 224 2474; x_wconf 85' lang='lat' dir='ltr'>potum</span> <span class='ocrx_word' id='word_1_99' title='bbox 239 2374 342 2473; x_wconf 88' lang='lat' dir='ltr'>apud</span> <span class='ocrx_word' id='word_1_100' title='bbox 359 2371 553 2447; x_wconf 87' lang='lat' dir='ltr'>Romanos</span> <span class='ocrx_word' id='word_1_101' title='bbox 570 2373 782 2466; x_wconf 83' lang='lat' dir='ltr'>deferebat,</span> <span class='ocrx_word' id='word_1_102' title='bbox 803 2372 990 2472; x_wconf 62' lang='lat' dir='ltr'>princepe</span> <span class='ocrx_word' id='word_1_103' title='bbox 1015 2373 1238 2449; x_wconf 76' lang='lat' dir='ltr'>cuminum</span> 
     </span>
     <span class='ocr_line' id='line_1_16' title="bbox 87 2482 1239 2592; baseline -0.001 -24"><span class='ocrx_word' id='word_1_104' title='bbox 87 2492 264 2590; x_wconf 49' lang='lat' dir='ltr'>audita).</span> <span class='ocrx_word' id='word_1_105' title='bbox 313 2491 411 2566; x_wconf 83' lang='lat' dir='ltr'>Huic</span> <span class='ocrx_word' id='word_1_106' title='bbox 436 2497 564 2567; x_wconf 86' lang='lat' dir='ltr'>autem</span> <span class='ocrx_word' id='word_1_107' title='bbox 587 2518 668 2569; x_wconf 90' lang='lat' dir='ltr'>non</span> <span class='ocrx_word' id='word_1_108' title='bbox 693 2482 895 2592; x_wconf 66' lang='lat' dir='ltr'>subjunxit</span> <span class='ocrx_word' id='word_1_109' title='bbox 910 2491 1087 2587; x_wconf 85' lang='lat' dir='ltr'>Varium,</span> <span class='ocrx_word' id='word_1_110' title='bbox 1113 2519 1239 2592; x_wconf 90' lang='lat' dir='ltr'>quon-</span> 
     </span>
    </p>
   </div>
   <div class='ocr_carea' id='block_1_4' title="bbox 88 2611 1242 3431">
    <p class='ocr_par' dir='ltr' id='par_1_4' title="bbox 88 2611 1242 3431">
     <span class='ocr_line' id='line_1_17' title="bbox 88 2611 1240 2711; baseline 0 -25"><span class='ocrx_word' id='word_1_111' title='bbox 88 2611 168 2686; x_wconf 87' lang='lat' dir='ltr'>ium</span> <span class='ocrx_word' id='word_1_112' title='bbox 201 2611 259 2706; x_wconf 87' lang='lat' dir='ltr'>ie,</span> <span class='ocrx_word' id='word_1_113' title='bbox 300 2618 455 2711; x_wconf 85' lang='lat' dir='ltr'>partum</span> <span class='ocrx_word' id='word_1_114' title='bbox 487 2612 561 2685; x_wconf 87' lang='lat' dir='ltr'>sihi</span> <span class='ocrx_word' id='word_1_115' title='bbox 595 2620 705 2687; x_wconf 82' lang='lat' dir='ltr'>antea</span> <span class='ocrx_word' id='word_1_116' title='bbox 730 2611 830 2709; x_wconf 86' lang='lat' dir='ltr'>epici</span> <span class='ocrx_word' id='word_1_117' title='bbox 854 2618 991 2709; x_wconf 83' lang='lat' dir='ltr'>poetae</span> <span class='ocrx_word' id='word_1_118' title='bbox 1023 2628 1167 2685; x_wconf 87' lang='lat' dir='ltr'>nomen</span> <span class='ocrx_word' id='word_1_119' title='bbox 1199 2620 1240 2686; x_wconf 86' lang='lat' dir='ltr'>ot</span> 
     </span>
     <span class='ocr_line' id='line_1_18' title="bbox 89 2730 1241 2833; baseline -0.001 -27"><span class='ocrx_word' id='word_1_120' title='bbox 89 2731 253 2833; x_wconf 81' lang='lat' dir='ltr'>gloriam</span> <span class='ocrx_word' id='word_1_121' title='bbox 284 2731 457 2828; x_wconf 78' lang='lat' dir='ltr'>Thyeste</span> <span class='ocrx_word' id='word_1_122' title='bbox 491 2730 595 2806; x_wconf 72' lang='lat' dir='ltr'>etlioa</span> <span class='ocrx_word' id='word_1_123' title='bbox 635 2732 738 2830; x_wconf 87' lang='lat' dir='ltr'>apud</span> <span class='ocrx_word' id='word_1_124' title='bbox 772 2730 951 2826; x_wconf 78' lang='lat' dir='ltr'>aecprales</span> <span class='ocrx_word' id='word_1_125' title='bbox 985 2736 1241 2828; x_wconf 86' lang='lat' dir='ltr'>posterosque</span> 
     </span>
     <span class='ocr_line' id='line_1_19' title="bbox 90 2847 1240 2951; baseline -0.002 -24"><span class='ocrx_word' id='word_1_126' title='bbox 90 2852 382 2945; x_wconf 78' lang='lat' dir='ltr'>obsotuaverat,</span> <span class='ocrx_word' id='word_1_127' title='bbox 408 2858 453 2924; x_wconf 89' lang='lat' dir='ltr'>ut</span> <span class='ocrx_word' id='word_1_128' title='bbox 476 2847 554 2951; x_wconf 88' lang='lat' dir='ltr'>jam</span> <span class='ocrx_word' id='word_1_129' title='bbox 580 2873 695 2950; x_wconf 83' lang='lat' dir='ltr'>supra</span> <span class='ocrx_word' id='word_1_130' title='bbox 719 2858 752 2938; x_wconf 87' lang='lat'>§.</span> <span class='ocrx_word' id='word_1_131' title='bbox 773 2850 807 2921; x_wconf 90' lang='lat'>1.</span> <span class='ocrx_word' id='word_1_132' title='bbox 833 2848 1023 2923; x_wconf 89' lang='lat' dir='ltr'>monitum</span> <span class='ocrx_word' id='word_1_133' title='bbox 1041 2853 1112 2922; x_wconf 75' lang='lat' dir='ltr'>est.</span> <span class='ocrx_word' id='word_1_134' title='bbox 1155 2847 1240 2925; x_wconf 89' lang='lat' dir='ltr'>lluo</span> 
     </span>
     <span class='ocr_line' id='line_1_20' title="bbox 90 2966 1241 3069; baseline -0.004 -22"><span class='ocrx_word' id='word_1_135' title='bbox 90 2969 258 3064; x_wconf 69' lang='lat' dir='ltr'>medic,</span> <span class='ocrx_word' id='word_1_136' title='bbox 301 2970 406 3069; x_wconf 81' lang='lat' dir='ltr'>quod</span> <span class='ocrx_word' id='word_1_137' title='bbox 438 2970 635 3062; x_wconf 83' lang='lat' dir='ltr'>Rabirius,</span> <span class='ocrx_word' id='word_1_138' title='bbox 660 2968 740 3044; x_wconf 91' lang='lat' dir='ltr'>·oui</span> <span class='ocrx_word' id='word_1_139' title='bbox 772 2966 844 3041; x_wconf 80' lang='lat' dir='ltr'>fati</span> <span class='ocrx_word' id='word_1_140' title='bbox 877 2969 1066 3066; x_wconf 83' lang='lat' dir='ltr'>quaedum</span> <span class='ocrx_word' id='word_1_141' title='bbox 1091 2967 1241 3044; x_wconf 84' lang='lat' dir='ltr'>invidia</span> 
     </span>
     <span class='ocr_line' id='line_1_21' title="bbox 89 3086 1239 3188; baseline -0.003 -22"><span class='ocrx_word' id='word_1_142' title='bbox 89 3088 243 3185; x_wconf 88' lang='lat' dir='ltr'>noouit,</span> <span class='ocrx_word' id='word_1_143' title='bbox 283 3112 527 3188; x_wconf 83' lang='lat' dir='ltr'>nequaquam</span> <span class='ocrx_word' id='word_1_144' title='bbox 553 3088 854 3164; x_wconf 80' lang='lat' dir='ltr'>contemnendus</span> <span class='ocrx_word' id='word_1_145' title='bbox 888 3086 960 3160; x_wconf 89' lang='lat' dir='ltr'>fuit</span> <span class='ocrx_word' id='word_1_146' title='bbox 985 3095 1098 3186; x_wconf 86' lang='lat' dir='ltr'>poeta</span> <span class='ocrx_word' id='word_1_147' title='bbox 1123 3095 1162 3162; x_wconf 87' lang='lat' dir='ltr'>et</span> <span class='ocrx_word' id='word_1_148' title='bbox 1187 3088 1239 3162; x_wconf 90' lang='lat' dir='ltr'>ob</span> 
     </span>
     <span class='ocr_line' id='line_1_22' title="bbox 90 3204 1242 3308; baseline -0.002 -24"><span class='ocrx_word' id='word_1_149' title='bbox 90 3208 201 3308; x_wconf 80' lang='lat' dir='ltr'>epioe</span> <span class='ocrx_word' id='word_1_150' title='bbox 233 3208 410 3307; x_wconf 85' lang='lat' dir='ltr'>inprimis</span> <span class='ocrx_word' id='word_1_151' title='bbox 451 3207 621 3282; x_wconf 84' lang='lat' dir='ltr'>earmina</span> <span class='ocrx_word' id='word_1_152' title='bbox 661 3206 764 3280; x_wconf 85' lang='lat' dir='ltr'>haud</span> <span class='ocrx_word' id='word_1_153' title='bbox 798 3207 1000 3308; x_wconf 82' lang='lat' dir='ltr'>indignus,</span> <span class='ocrx_word' id='word_1_154' title='bbox 1045 3206 1112 3304; x_wconf 89' lang='lat' dir='ltr'>qui</span> <span class='ocrx_word' id='word_1_155' title='bbox 1130 3204 1133 3211; x_wconf 68' lang='grc'><strong><em>’</em></strong></span> <span class='ocrx_word' id='word_1_156' title='bbox 1152 3231 1242 3282; x_wconf 90' lang='lat' dir='ltr'>oum</span> 
     </span>
     <span class='ocr_line' id='line_1_23' title="bbox 90 3323 1242 3431; baseline -0.004 -27"><span class='ocrx_word' id='word_1_157' title='bbox 90 3327 252 3431; x_wconf 80' lang='lat' dir='ltr'>Virgilio</span> <span class='ocrx_word' id='word_1_158' title='bbox 285 3324 581 3430; x_wconf 78' lang='lat' dir='ltr'>ooujrmgeretur</span> <span class='ocrx_word' id='word_1_159' title='bbox 604 3349 770 3425; x_wconf 78' lang='lat' dir='ltr'>ermupre</span> <span class='ocrx_word' id='word_1_160' title='bbox 798 3326 913 3428; x_wconf 84' lang='lat' dir='ltr'>longo</span> <span class='ocrx_word' id='word_1_161' title='bbox 940 3323 1095 3424; x_wconf 89' lang='lat' dir='ltr'>quidem</span> <span class='ocrx_word' id='word_1_162' title='bbox 1119 3325 1242 3401; x_wconf 86' lang='lat' dir='ltr'>inter-</span> 
     </span>
    </p>
   </div>
   <div class='ocr_carea' id='block_1_5' title="bbox 88 3580 1242 4857">
    <p class='ocr_par' dir='ltr' id='par_1_5' title="bbox 88 3580 1242 4086">
     <span class='ocr_line' id='line_1_24' title="bbox 182 3580 1242 3666; baseline -0.005 -19"><span class='ocrx_word' id='word_1_163' title='bbox 182 3586 240 3659; x_wconf 78' lang='lat'>52)</span> <span class='ocrx_word' id='word_1_164' title='bbox 261 3581 443 3666; x_wconf 77' lang='lat' dir='ltr'>Quemquam</span> <span class='ocrx_word' id='word_1_165' title='bbox 464 3580 577 3645; x_wconf 78' lang='lat' dir='ltr'>Aeaeis</span> <span class='ocrx_word' id='word_1_166' title='bbox 603 3584 734 3661; x_wconf 85' lang='lat' dir='ltr'>impolite</span> <span class='ocrx_word' id='word_1_167' title='bbox 759 3594 790 3645; x_wconf 84' lang='lat' dir='ltr'>et</span> <span class='ocrx_word' id='word_1_168' title='bbox 815 3581 946 3660; x_wconf 78' lang='lat' dir='ltr'>Virgilio</span> <span class='ocrx_word' id='word_1_169' title='bbox 973 3584 1039 3659; x_wconf 85' lang='lat' dir='ltr'>ipso</span> <span class='ocrx_word' id='word_1_170' title='bbox 1067 3584 1157 3642; x_wconf 87' lang='lat' dir='ltr'>invito</span> <span class='ocrx_word' id='word_1_171' title='bbox 1186 3604 1242 3659; x_wconf 89' lang='lat' dir='ltr'>pu·</span> 
     </span>
     <span class='ocr_line' id='line_1_25' title="bbox 89 3668 1241 3748; baseline -0.003 -17"><span class='ocrx_word' id='word_1_172' title='bbox 89 3670 160 3731; x_wconf 80' lang='lat' dir='ltr'>tltct</span> <span class='ocrx_word' id='word_1_173' title='bbox 188 3672 263 3747; x_wconf 75' lang='lat' dir='ltr'>juris</span> <span class='ocrx_word' id='word_1_174' title='bbox 290 3670 365 3731; x_wconf 63' lang='lat' dir='ltr'>[aaa</span> <span class='ocrx_word' id='word_1_175' title='bbox 394 3681 474 3746; x_wconf 81' lang='lat' dir='ltr'>erat,</span> <span class='ocrx_word' id='word_1_176' title='bbox 510 3681 606 3730; x_wconf 84' lang='lat' dir='ltr'>temen</span> <span class='ocrx_word' id='word_1_177' title='bbox 635 3673 729 3747; x_wconf 77' lang='lat' dir='ltr'>ipsius</span> <span class='ocrx_word' id='word_1_178' title='bbox 761 3671 938 3748; x_wconf 74' lang='lat' dir='ltr'>argumenti,</span> <span class='ocrx_word' id='word_1_179' title='bbox 976 3668 1100 3729; x_wconf 79' lang='lat' dir='ltr'>heroicis</span> <span class='ocrx_word' id='word_1_180' title='bbox 1127 3669 1241 3728; x_wconf 80' lang='lat' dir='ltr'>tractati</span> 
     </span>
     <span class='ocr_line' id='line_1_26' title="bbox 90 3752 1241 3832; baseline -0.003 -15"><span class='ocrx_word' id='word_1_181' title='bbox 90 3756 247 3832; x_wconf 75' lang='lat' dir='ltr'>versibus,</span> <span class='ocrx_word' id='word_1_182' title='bbox 278 3766 381 3816; x_wconf 81' lang='lat' dir='ltr'>ustura</span> <span class='ocrx_word' id='word_1_183' title='bbox 401 3766 431 3816; x_wconf 83' lang='lat' dir='ltr'>et</span> <span class='ocrx_word' id='word_1_184' title='bbox 460 3756 535 3816; x_wconf 80' lang='lat' dir='ltr'>ratio</span> <span class='ocrx_word' id='word_1_185' title='bbox 560 3754 638 3816; x_wconf 78' lang='lat' dir='ltr'>haud</span> <span class='ocrx_word' id='word_1_186' title='bbox 658 3776 760 3831; x_wconf 87' lang='lat' dir='ltr'>perum</span> <span class='ocrx_word' id='word_1_187' title='bbox 789 3755 902 3816; x_wconf 83' lang='lat' dir='ltr'>ridetur</span> <span class='ocrx_word' id='word_1_188' title='bbox 924 3754 1097 3826; x_wconf 75' lang='lat' dir='ltr'>contulisse,</span> <span class='ocrx_word' id='word_1_189' title='bbox 1127 3764 1159 3813; x_wconf 88' lang='lat' dir='ltr'>ut</span> <span class='ocrx_word' id='word_1_190' title='bbox 1180 3752 1241 3813; x_wconf 85' lang='lat' dir='ltr'>Ro·</span> 
     </span>
     <span class='ocr_line' id='line_1_27' title="bbox 90 3837 1241 3920; baseline -0.006 -17"><span class='ocrx_word' id='word_1_191' title='bbox 90 3842 172 3903; x_wconf 71' lang='lat' dir='ltr'>ni</span> <span class='ocrx_word' id='word_1_192' title='bbox 193 3842 321 3902; x_wconf 75' lang='lat' dir='ltr'>mimi</span> <span class='ocrx_word' id='word_1_193' title='bbox 341 3862 481 3902; x_wconf 73' lang='lat' dir='ltr'>museum</span> <span class='ocrx_word' id='word_1_194' title='bbox 503 3843 553 3900; x_wconf 86' lang='lat' dir='ltr'>uni</span> <span class='ocrx_word' id='word_1_195' title='bbox 573 3842 702 3920; x_wconf 78' lang='lat' dir='ltr'>Virgilio</span> <span class='ocrx_word' id='word_1_196' title='bbox 723 3843 753 3900; x_wconf 89' lang='lat' dir='ltr'>in</span> <span class='ocrx_word' id='word_1_197' title='bbox 775 3843 855 3918; x_wconf 79' lang='lat' dir='ltr'>opica</span> <span class='ocrx_word' id='word_1_198' title='bbox 877 3842 958 3915; x_wconf 88' lang='lat' dir='ltr'>poesi</span> <span class='ocrx_word' id='word_1_199' title='bbox 979 3841 1168 3915; x_wconf 76' lang='lat' dir='ltr'>principatum</span> <span class='ocrx_word' id='word_1_200' title='bbox 1189 3837 1241 3896; x_wconf 83' lang='lat' dir='ltr'>de·</span> 
     </span>
     <span class='ocr_line' id='line_1_28' title="bbox 88 3922 1240 4005; baseline -0.004 -17"><span class='ocrx_word' id='word_1_201' title='bbox 88 3926 214 3989; x_wconf 61' lang='lat' dir='ltr'>hm.</span> <span class='ocrx_word' id='word_1_202' title='bbox 264 3923 367 4003; x_wconf 73' lang='lat' dir='ltr'>ltaque</span> <span class='ocrx_word' id='word_1_203' title='bbox 394 3923 539 4001; x_wconf 83' lang='lat' dir='ltr'>Ovidius,</span> <span class='ocrx_word' id='word_1_204' title='bbox 572 3929 604 3987; x_wconf 84' lang='lat' dir='ltr'>iu</span> <span class='ocrx_word' id='word_1_205' title='bbox 634 3929 779 4005; x_wconf 72' lang='lat' dir='ltr'>elegiacos</span> <span class='ocrx_word' id='word_1_206' title='bbox 806 3928 902 4003; x_wconf 82' lang='lat' dir='ltr'>poesis</span> <span class='ocrx_word' id='word_1_207' title='bbox 933 3925 1027 4002; x_wconf 78' lang='lat' dir='ltr'>gloria</span> <span class='ocrx_word' id='word_1_208' title='bbox 1053 3922 1240 4000; x_wconf 73' lang='lat' dir='ltr'>jactabundus</span> 
     </span>
     <span class='ocr_line' id='line_1_29' title="bbox 89 4006 1043 4086; baseline -0.005 -11"><span class='ocrx_word' id='word_1_209' title='bbox 89 4014 170 4075; x_wconf 70' lang='lat' dir='ltr'>citu</span> <span class='ocrx_word' id='word_1_210' title='bbox 189 4031 219 4074; x_wconf 83' lang='lat' dir='ltr'>e.</span> <span class='ocrx_word' id='word_1_211' title='bbox 237 4006 276 4072; x_wconf 84' lang='lat' dir='ltr'>U.</span> <span class='ocrx_word' id='word_1_212' title='bbox 292 4008 329 4072; x_wconf 80' lang='lat' dir='ltr'>G.</span> <span class='ocrx_word' id='word_1_213' title='bbox 344 4014 419 4075; x_wconf 78' lang='grc'><strong>754.</strong></span> <span class='ocrx_word' id='word_1_214' title='bbox 441 4014 472 4072; x_wconf 84' lang='lat' dir='ltr'>ia</span> <span class='ocrx_word' id='word_1_215' title='bbox 493 4010 614 4073; x_wconf 80' lang='lat' dir='ltr'>Remed.</span> <span class='ocrx_word' id='word_1_216' title='bbox 634 4010 741 4074; x_wconf 82' lang='lat' dir='ltr'>Amor.</span> <span class='ocrx_word' id='word_1_217' title='bbox 763 4031 793 4073; x_wconf 83' lang='lat' dir='ltr'>v.</span> <span class='ocrx_word' id='word_1_218' title='bbox 810 4015 884 4073; x_wconf 82' lang='grc'><strong>395.</strong></span> <span class='ocrx_word' id='word_1_219' title='bbox 907 4011 1043 4086; x_wconf 71' lang='lat' dir='ltr'>scripsit:</span> 
     </span>
    </p>

    <p class='ocr_par' dir='ltr' id='par_1_6' title="bbox 89 4094 1242 4857">
     <span class='ocr_line' id='line_1_30' title="bbox 219 4094 896 4178; baseline -0.003 -20"><span class='ocrx_word' id='word_1_220' title='bbox 219 4094 353 4158; x_wconf 69' lang='lat' dir='ltr'>Tm</span> <span class='ocrx_word' id='word_1_221' title='bbox 371 4118 403 4158; x_wconf 80' lang='lat' dir='ltr'>re</span> <span class='ocrx_word' id='word_1_222' title='bbox 422 4095 506 4158; x_wconf 73' lang='lat' dir='ltr'>robis</span> <span class='ocrx_word' id='word_1_223' title='bbox 526 4097 603 4174; x_wconf 74' lang='lat' dir='ltr'>elegi</span> <span class='ocrx_word' id='word_1_224' title='bbox 622 4096 727 4159; x_wconf 66' lang='lat' dir='ltr'>&amp;beru</span> <span class='ocrx_word' id='word_1_225' title='bbox 737 4098 896 4178; x_wconf 66' lang='lat' dir='ltr'>fenestra,</span> 
     </span>
     <span class='ocr_line' id='line_1_31' title="bbox 278 4178 905 4268; baseline -0.005 -25"><span class='ocrx_word' id='word_1_226' title='bbox 278 4182 430 4268; x_wconf 69' lang='lat' dir='ltr'>Quorum</span> <span class='ocrx_word' id='word_1_227' title='bbox 453 4182 585 4260; x_wconf 78' lang='lat' dir='ltr'>Virgilio</span> <span class='ocrx_word' id='word_1_228' title='bbox 602 4182 702 4244; x_wconf 77' lang='lat' dir='ltr'>nobile</span> <span class='ocrx_word' id='word_1_229' title='bbox 722 4178 806 4242; x_wconf 74' lang='lat' dir='ltr'>debet</span> <span class='ocrx_word' id='word_1_230' title='bbox 826 4201 905 4258; x_wconf 75' lang='lat' dir='ltr'>epau.</span> 
     </span>
     <span class='ocr_line' id='line_1_32' title="bbox 89 4262 1241 4345; baseline -0.004 -16"><span class='ocrx_word' id='word_1_231' title='bbox 89 4276 127 4329; x_wconf 74' lang='lat' dir='ltr'>ut</span> <span class='ocrx_word' id='word_1_232' title='bbox 154 4264 294 4344; x_wconf 67' lang='lat' dir='ltr'>equidem</span> <span class='ocrx_word' id='word_1_233' title='bbox 323 4269 520 4345; x_wconf 81' lang='lat' dir='ltr'>oppositorum</span> <span class='ocrx_word' id='word_1_234' title='bbox 548 4271 577 4330; x_wconf 82' lang='lat' dir='ltr'>ri</span> <span class='ocrx_word' id='word_1_235' title='bbox 604 4269 737 4329; x_wconf 80' lang='lat' dir='ltr'>inductus</span> <span class='ocrx_word' id='word_1_236' title='bbox 763 4265 793 4328; x_wconf 76' lang='lat' dir='ltr'>lt.</span> <span class='ocrx_word' id='word_1_237' title='bbox 818 4268 843 4329; x_wconf 89' lang='lat' dir='ltr'>l.</span> <span class='ocrx_word' id='word_1_238' title='bbox 872 4262 1028 4342; x_wconf 79' lang='lat' dir='ltr'>legendum</span> <span class='ocrx_word' id='word_1_239' title='bbox 1049 4281 1154 4325; x_wconf 74' lang='lat' dir='ltr'>censeo</span> <span class='ocrx_word' id='word_1_240' title='bbox 1174 4283 1241 4324; x_wconf 78' lang='lat' dir='ltr'>oum</span> 
     </span>
     <span class='ocr_line' id='line_1_33' title="bbox 89 4345 1240 4433; baseline -0.003 -18"><span class='ocrx_word' id='word_1_241' title='bbox 89 4350 272 4415; x_wconf 63' lang='lat' dir='ltr'>mutante</span> <span class='ocrx_word' id='word_1_242' title='bbox 297 4354 337 4414; x_wconf 78' lang='lat' dir='ltr'>ut</span> <span class='ocrx_word' id='word_1_243' title='bbox 364 4351 451 4414; x_wconf 84' lang='lat' dir='ltr'>Statii</span> <span class='ocrx_word' id='word_1_244' title='bbox 470 4351 557 4433; x_wconf 77' lang='lat' dir='ltr'>Sylr.</span> <span class='ocrx_word' id='word_1_245' title='bbox 577 4352 603 4415; x_wconf 92' lang='lat'>1.</span> <span class='ocrx_word' id='word_1_246' title='bbox 625 4360 657 4416; x_wconf 86' lang='lat'>2.</span> <span class='ocrx_word' id='word_1_247' title='bbox 682 4360 755 4415; x_wconf 79' lang='lat'><strong>250.</strong></span> <span class='ocrx_word' id='word_1_248' title='bbox 778 4373 808 4428; x_wconf 87' lang='lat' dir='ltr'>p.</span> <span class='ocrx_word' id='word_1_249' title='bbox 826 4357 899 4413; x_wconf 81' lang='lat'><strong>183.</strong></span> <span class='ocrx_word' id='word_1_250' title='bbox 920 4361 949 4410; x_wconf 89' lang='lat' dir='ltr'>et</span> <span class='ocrx_word' id='word_1_251' title='bbox 970 4349 1008 4409; x_wconf 80' lang='lat' dir='ltr'>at</span> <span class='ocrx_word' id='word_1_252' title='bbox 1027 4345 1086 4410; x_wconf 86' lang='lat' dir='ltr'>lV.</span> <span class='ocrx_word' id='word_1_253' title='bbox 1106 4355 1137 4411; x_wconf 93' lang='grc'>7.</span> <span class='ocrx_word' id='word_1_254' title='bbox 1160 4370 1189 4411; x_wconf 83' lang='lat' dir='ltr'>r.</span> <span class='ocrx_word' id='word_1_255' title='bbox 1208 4354 1240 4413; x_wconf 88' lang='grc'>3.</span> 
     </span>
     <span class='ocr_line' id='line_1_34' title="bbox 90 4431 1241 4517; baseline -0.004 -16"><span class='ocrx_word' id='word_1_256' title='bbox 90 4460 124 4517; x_wconf 73' lang='lat' dir='ltr'>p.</span> <span class='ocrx_word' id='word_1_257' title='bbox 139 4442 216 4501; x_wconf 79' lang='grc'><strong>334.</strong></span> <span class='ocrx_word' id='word_1_258' title='bbox 240 4436 289 4499; x_wconf 81' lang='lat' dir='ltr'>eti.</span> <span class='ocrx_word' id='word_1_259' title='bbox 311 4436 411 4517; x_wconf 73' lang='lat' dir='ltr'>sttttg.</span> <span class='ocrx_word' id='word_1_260' title='bbox 433 4436 598 4501; x_wconf 74' lang='lat' dir='ltr'>verissime</span> <span class='ocrx_word' id='word_1_261' title='bbox 619 4441 696 4499; x_wconf 86' lang='lat' dir='ltr'>enim</span> <span class='ocrx_word' id='word_1_262' title='bbox 717 4437 852 4516; x_wconf 80' lang='lat' dir='ltr'>Heynius</span> <span class='ocrx_word' id='word_1_263' title='bbox 873 4436 910 4496; x_wconf 84' lang='lat' dir='ltr'>ed</span> <span class='ocrx_word' id='word_1_264' title='bbox 919 4431 1041 4512; x_wconf 77' lang='lat' dir='ltr'>Virgilii</span> <span class='ocrx_word' id='word_1_265' title='bbox 1054 4432 1119 4495; x_wconf 82' lang='lat' dir='ltr'>Vit.</span> <span class='ocrx_word' id='word_1_266' title='bbox 1142 4455 1196 4511; x_wconf 89' lang='lat' dir='ltr'>per</span> <span class='ocrx_word' id='word_1_267' title='bbox 1211 4454 1241 4497; x_wconf 83' lang='lat' dir='ltr'>e.</span> 
     </span>
     <span class='ocr_line' id='line_1_35' title="bbox 91 4518 1242 4603; baseline -0.006 -17"><span class='ocrx_word' id='word_1_268' title='bbox 91 4519 748 4603; x_wconf 67' lang='lat' dir='ltr'>ttg.·.11.c.7sa.p.cxxv.m0net‚</span> <span class='ocrx_word' id='word_1_269' title='bbox 773 4521 871 4583; x_wconf 75' lang='lat' dir='ltr'>nobile</span> <span class='ocrx_word' id='word_1_270' title='bbox 895 4543 988 4598; x_wconf 71' lang='lat' dir='ltr'>opaco,</span> <span class='ocrx_word' id='word_1_271' title='bbox 1018 4531 1053 4580; x_wconf 92' lang='lat' dir='ltr'>ut</span> <span class='ocrx_word' id='word_1_272' title='bbox 1079 4520 1168 4598; x_wconf 80' lang='lat' dir='ltr'>vulgo</span> <span class='ocrx_word' id='word_1_273' title='bbox 1194 4518 1242 4579; x_wconf 81' lang='lat' dir='ltr'>hio</span> 
     </span>
     <span class='ocr_line' id='line_1_36' title="bbox 91 4604 1241 4687; baseline -0.005 -16"><span class='ocrx_word' id='word_1_274' title='bbox 91 4608 207 4685; x_wconf 71' lang='lat' dir='ltr'>diter,</span> <span class='ocrx_word' id='word_1_275' title='bbox 228 4604 313 4671; x_wconf 64' lang='lat' dir='ltr'>&#39;eree</span> <span class='ocrx_word' id='word_1_276' title='bbox 340 4608 456 4687; x_wconf 79' lang='lat' dir='ltr'>quidem</span> <span class='ocrx_word' id='word_1_277' title='bbox 484 4630 598 4671; x_wconf 85' lang='lat' dir='ltr'>carmen</span> <span class='ocrx_word' id='word_1_278' title='bbox 626 4612 757 4687; x_wconf 86' lang='lat' dir='ltr'>epicum,</span> <span class='ocrx_word' id='word_1_279' title='bbox 787 4629 841 4668; x_wconf 82' lang='lat' dir='ltr'>uec</span> <span class='ocrx_word' id='word_1_280' title='bbox 868 4620 963 4668; x_wconf 81' lang='lat' dir='ltr'>temen</span> <span class='ocrx_word' id='word_1_281' title='bbox 980 4609 1087 4683; x_wconf 77' lang='lat' dir='ltr'>poesie</span> <span class='ocrx_word' id='word_1_282' title='bbox 1107 4609 1241 4683; x_wconf 67' lang='lat' dir='ltr'>epium</span> 
     </span>
     <span class='ocr_line' id='line_1_37' title="bbox 92 4690 1242 4769; baseline -0.006 -12"><span class='ocrx_word' id='word_1_283' title='bbox 92 4712 130 4757; x_wconf 80' lang='lat' dir='ltr'>ee</span> <span class='ocrx_word' id='word_1_284' title='bbox 159 4704 257 4756; x_wconf 74' lang='lat' dir='ltr'>eutem</span> <span class='ocrx_word' id='word_1_285' title='bbox 283 4692 333 4757; x_wconf 77' lang='lat' dir='ltr'>lte</span> <span class='ocrx_word' id='word_1_286' title='bbox 360 4695 397 4755; x_wconf 81' lang='lat' dir='ltr'>eb</span> <span class='ocrx_word' id='word_1_287' title='bbox 425 4690 535 4756; x_wconf 67' lang='lat' dir='ltr'>Ouidio</span> <span class='ocrx_word' id='word_1_288' title='bbox 562 4695 711 4757; x_wconf 79' lang='lat' dir='ltr'>iudicetur.</span> <span class='ocrx_word' id='word_1_289' title='bbox 765 4692 848 4754; x_wconf 85' lang='lat' dir='ltr'>Hauc</span> <span class='ocrx_word' id='word_1_290' title='bbox 872 4693 1025 4755; x_wconf 86' lang='lat' dir='ltr'>lectionem</span> <span class='ocrx_word' id='word_1_291' title='bbox 1059 4690 1242 4769; x_wconf 75' lang='lat' dir='ltr'>amplectitur</span> 
     </span>
     <span class='ocr_line' id='line_1_38' title="bbox 93 4775 1083 4857; baseline -0.001 -13"><span class='ocrx_word' id='word_1_292' title='bbox 93 4782 181 4844; x_wconf 55' lang='grc' dir='ltr'>ὼ</span> <span class='ocrx_word' id='word_1_293' title='bbox 197 4775 359 4845; x_wconf 57' lang='grc' dir='ltr'><strong>Μ</strong></span> <span class='ocrx_word' id='word_1_294' title='bbox 377 4781 410 4842; x_wconf 64' lang='lat' dir='ltr'>h</span> <span class='ocrx_word' id='word_1_295' title='bbox 429 4777 496 4846; x_wconf 53' lang='lat' dir='ltr'>vii·</span> <span class='ocrx_word' id='word_1_296' title='bbox 515 4778 632 4845; x_wconf 50' lang='lat' dir='ltr'>nonai</span> <span class='ocrx_word' id='word_1_297' title='bbox 650 4779 690 4844; x_wconf 61' lang='lat' dir='ltr'>ld</span> <span class='ocrx_word' id='word_1_298' title='bbox 704 4800 738 4845; x_wconf 59' lang='lat' dir='ltr'>-Qe</span> <span class='ocrx_word' id='word_1_299' title='bbox 751 4777 791 4844; x_wconf 76' lang='lat' dir='ltr'>U·</span> <span class='ocrx_word' id='word_1_300' title='bbox 809 4775 846 4845; x_wconf 74' lang='lat' dir='ltr'>c·</span> <span class='ocrx_word' id='word_1_301' title='bbox 861 4783 939 4845; x_wconf 73' lang='lat'><strong>⁷2⁴0</strong></span> <span class='ocrx_word' id='word_1_302' title='bbox 959 4800 992 4857; x_wconf 72' lang='lat' dir='ltr'>Pe</span> <span class='ocrx_word' id='word_1_303' title='bbox 1010 4779 1083 4843; x_wconf 68' lang='lat'><strong>1⁶8·</strong></span> 
     </span>
    </p>
   </div>
   <div class='ocr_carea' id='block_1_6' title="bbox 0 0 1357 5236">
    <p class='ocr_par' dir='ltr' id='par_1_7' title="bbox 0 0 1357 5236">
     <span class='ocr_line' id='line_1_39' title="bbox 0 0 1357 5236; baseline 0 0"><span class='ocrx_word' id='word_1_304' title='bbox 0 0 1357 5236; x_wconf 95' lang='lat' dir='ltr'> </span> 
     </span>
    </p>
   </div>
  </div>
 </body>
</html>
