2670 5294
411 291 462 341 us
489 292 525 341 ι.
544 292 670 342 ωηο
697 293 842 343 noers.
1128 271 1200 343 lltl

50 450 209 527 decurro
233 456 333 529 est.“
383 450 440 529 lia
457 452 626 553 perlecta
643 479 724 531 non
739 455 927 535 dubitavit
940 455 1199 555 pronuntiare,

47 572 158 647 illam
188 571 388 673 Augusteo
424 596 522 651 aevo
555 573 709 675 dignam
742 600 827 651 esse
860 583 901 651 et
932 576 1014 651 siue
1046 582 1199 651 oontro-

47 690 178 767 versia
202 692 380 791 seriptum
404 716 428 767 a
451 690 501 766 1..
524 689 650 769 Vario.
709 693 967 769 Constituerat
989 692 1065 770 hoe
1089 718 1198 791 opus,

48 834 100 884 ue
126 788 223 884 auri)
247 810 426 909 quidem,
460 819 505 885 ut
538 811 611 905 ait,
645 814 804 909 venale,
848 822 914 889 aut
939 813 1109 888 Londini
1135 820 1200 886 sut

48 927 203 1003 Parisiis
228 927 534 1027 splendidissime
559 931 739 1007 exscribi.
791 930 870 1007 Sed
896 958 984 1008 eum
1009 932 1199 1030 bibliopo-

48 1048 97 1121 lis
136 1048 369 1145 persuadere
402 1072 483 1122 non
517 1057 662 1148 posset,
704 1057 834 1127 tantae
869 1052 1070 1128 vetustatis
1104 1075 1200 1150 opus

49 1166 154 1265 apud
189 1188 233 1241 se
266 1188 370 1259 esse,
413 1190 541 1265 nepus
575 1168 670 1243 illud
704 1172 929 1245 smarribus
954 1172 1106 1245 tradere
1131 1168 1199 1244 ad-

49 1292 264 1385 speetutpre
299 1308 366 1359 eos
399 1286 627 1363 eonvinoere
658 1288 795 1382 vellet,
830 1315 893 1364 res
928 1290 1029 1363 intra
1053 1287 1200 1364 consilii

49 1406 148 1481 lines
182 1405 363 1479 substitit.
424 1404 524 1481 lline
554 1406 597 1479 in
628 1405 865 1483 Praefatione
900 1410 950 1483 ad
980 1406 1116 1483 leones
1140 1408 1200 1481 in-

51 1524 237 1625 siomiores
273 1525 458 1624 quasdam
493 1521 577 1625 ejus
612 1527 829 1625 tragoediae
870 1527 1074 1626 particulas
1113 1550 1201 1601 eum

50 1644 204 1745 integro
227 1643 390 1745 Prologo
415 1642 624 1718 Diomedes
648 1644 834 1745 imoripto
852 1647 978 1740 dedit,
1005 1652 1043 1719 et
1061 1645 1200 1719 biblio-

50 1764 162 1863 polos
195 1762 411 1838 irroredulos
442 1788 618 1865 pungens
652 1763 803 1863 scripsit
841 1766 884 1841 in
917 1765 1052 1864 quinta
1084 1765 1202 1838 loono

52 1880 189 1957 nostri
208 1880 365 1956 Suetrii
385 1882 553 1958 v.421.=

103 2000 213 2091 Non,
231 2026 351 2100 puram
365 2026 443 2090 sne,
459 2001 603 2099 refero,
619 1992 693 2077 Dis
704 2002 904 2102 praestito
919 2006 1026 2077 douo
1035 2000 1200 2092 bearint,

162 2122 239 2193 Sed
263 2144 384 2220 wem
408 2118 531 2214 ‹11th
554 2146 669 2197 sacro
693 2148 856 2197 munere
880 2121 1031 2214 saecla,
1056 2119 1168 2195 vide!

52 2246 93 2315 et
118 2238 265 2313 ibidem
289 2263 329 2313 v.
348 2237 460 2313 stas

110 2356 196 2437 Vos
219 2380 393 2457 quoque,
418 2382 488 2433 vos
511 2355 592 2459 ipsi
601 2356 812 2456 ferveatis,
838 2380 1005 2458 qrooeso,
1030 2354 1183 2429 Batavi
1188 2384 1201 2429 .-

162 2476 207 2553 V
200 2488 348 2551 aarum
367 2501 515 2551 morsm
539 2501 647 2577 opes,
674 2504 774 2577 quos
790 2476 1048 2565 celebramus,
1074 2483 1202 2546 emerat.

54 2594 319 2673 lleerkensius
344 2595 427 2669 sive
453 2618 567 2671 eaeoo
594 2595 829 2694 antiquitatis
854 2617 987 2669 amore
1011 2594 1093 2668 sive
1119 2590 1204 2689 opi·

55 2715 185 2791 nionis
217 2736 350 2790 errore
383 2713 565 2812 deeeptus
597 2716 762 2813 probare
796 2713 963 2808 studuit,
1002 2710 1204 2786 nonnullos

55 2836 160 2911 illius
184 2832 402 2935 tragoediae
427 2832 533 2907 looos
557 2855 582 2906 o
597 2833 755 2933 Virgilio
771 2840 812 2908 et
832 2830 971 2908 Ouidio
995 2829 1205 2905 imitatione

55 2978 144 3031 esse
178 2974 396 3051 expressos.
464 2949 544 3025 Sed
576 2949 715 3027 falsum
746 2952 786 3026 id
820 2976 925 3045 esse,
966 2950 1133 3050 primum
1163 2946 1205 3022 iu

57 3072 267 3149 Germania
300 3068 472 3144 suboluit
495 3071 602 3146 Dav.
630 3069 852 3147 Christiano
880 3066 1053 3160 Grimm,
1086 3066 1205 3163 Lyeei

57 3190 362 3267 Armaemoutani
378 3188 555 3284 Rectori,
580 3191 647 3289 qui
661 3190 705 3264 in
720 3190 946 3266 Prolusione
967 3186 1204 3262 scholastica:

62 3307 292 3407 Tnsgoedio
310 3320 423 3383 vetus
447 3306 579 3381 testim
601 3313 793 3384 Tereus
808 3304 1101 3407 deperditamm
1113 3301 1205 3377 XV.

58 3452 189 3505 soror.
213 3428 468 3529 Annabergae
491 3428 605 3503 1700.
619 3430 659 3503 4.
684 3426 880 3501 historiam
903 3422 1083 3498 inventae
1106 3420 1206 3493 illius

60 3547 281 3651 unguedine
305 3553 345 3623 et
368 3544 576 3647 Prologum
601 3570 689 3621 oum
704 3544 886 3621 brevibus
905 3537 1207 3617 adnotationibus

60 3667 276 3767 proposuit.
325 3664 367 3741 Is
391 3665 565 3765 quamvis
589 3668 783 3758 modeste,
809 3662 899 3739 sotis
924 3669 1055 3736 tamen
1077 3663 1209 3755 aperte

61 3787 227 3880 indieot,
261 3785 335 3861 sibi
366 3785 470 3860 illam
501 3784 626 3861 videri
660 3783 841 3881 scriptam
875 3803 898 3854 a
931 3780 1045 3853 docto
1081 3776 1209 3875 aliquo

64 3906 304 4002 Christiano,
330 3913 370 3979 et
390 3899 660 4006 jaetabrmdam
673 3898 900 3976 lleerkensii
916 3896 1210 3997 disputationem

63 4026 205 4101 leniter
238 4024 425 4125 earpit⁸‘).
485 4022 616 4123 Neque
647 4029 776 4096 tamen
812 4016 1021 4095 Grimmius
1053 4018 1094 4092 id
1120 4041 1209 4118 per-

63 4172 271 4185 -...-——-

151 4231 211 4311 st)
245 4230 384 4293 dumi
411 4224 611 4290 l’rolosionem
640 4228 725 4287 illam
753 4244 811 4285 nou
830 4224 962 4283 videntur
981 4224 1089 4301 legisse
1109 4220 1211 4295 bruge

62 4320 95 4379 is
113 4314 211 4379 vind.
232 4316 323 4395 Trag.
346 4312 434 4377 Rom.
456 4334 487 4391 p.
503 4320 535 4376 8.
556 4325 586 4375 et
606 4312 790 4373 doctissimus
803 4308 975 4390 Bernhardy
997 4311 1028 4371 in
1048 4304 1212 4369 ornasse

62 4402 123 4467 des·
141 4402 252 4465 Rern.
272 4400 413 4467 ΗΜ.
434 4420 465 4477 p.
483 4406 558 4466 182.
577 4398 617 4462 Ν.
631 4404 705 4461 320.
