2670 5294
137 657 214 733 224
485 676 534 725 ns
562 674 699 724 csssro
726 674 947 723 rannrnssr.

139 844 256 919 altero
289 839 476 932 Pindaro,
519 837 585 936 qui
619 836 713 911 item
747 835 856 911 Liln.
882 834 948 911 lv.
976 833 1064 911 Oda
1088 838 1129 911 2.
1157 834 1289 911 dicitrn

140 963 244 1039 velut
277 960 398 1034 amnis
430 966 562 1031 monte
595 957 802 1031 decurrens
827 953 977 1030 fervere
1001 956 1290 1055 immensumque

74 1084 84 1104 ⁰
139 1104 252 1157 ruere
274 1080 355 1155 'ore
389 1076 600 1176 profundo,
645 1072 782 1149 festiva
817 1074 1026 1149 admodum
1061 1082 1102 1149 et
1138 1072 1290 1176 joculari

141 1198 292 1275 fictione
335 1194 498 1296 subjecit
539 1194 742 1286 Horatius,
788 1193 897 1271 illum
939 1195 1064 1294 capsis
1108 1196 1290 1293 librisque

141 1319 307 1419 propriis
333 1317 551 1390 ambustum
577 1336 672 1388 esse.
732 1312 836 1387 llaec
860 1313 992 1410 utique
1025 1314 1077 1387 ad
1103 1312 1290 1389 Lucilium

142 1464 223 1513 non
255 1434 494 1536 spectabant:
543 1455 704 1506 acumen
738 1432 842 1505 enim
868 1433 1171 1531 comparationis
1197 1434 1291 1507 inest

144 1564 295 1631 tantrun
328 1556 369 1627 in
403 1578 467 1628 w.
512 1550 658 1651 rapido
680 1550 912 1649 smerdius
947 1552 1080 1641 omni3
1126 1552 1290 1629 Lucilius

25 1766 31 1773 p
143 1682 273 1752 autem
299 1673 430 1747 similis
458 1678 540 1745 erat
566 1669 695 1745 Cassio
721 1669 884 1745 Etrusco
907 1671 948 1743 in
965 1670 1179 1745 irrndeudis
1194 1696 1291 1745 sarm·

6 1872 13 1883 ,
144 1819 209 1869 ma
233 1792 430 1870 velocitate
455 1789 650 1883 uersibus,¹
677 1790 779 1863 uude
802 1790 902 1887 apud
917 1790 1089 1865 Cassirun
1108 1798 1201 1864 nata
1216 1813 1292 1867 essa

21 1901 24 1907 ¹
144 1912 346 2015 postremis
380 1909 508 1986 verbis
542 1909 732 1982 indicatur
776 1932 822 1983 ea
857 1908 1067 1983 canninum
1103 1910 1230 1987 silim
1260 1918 1293 1983 et

145 2033 329 2127 tenuitas,
365 2038 408 2103 ut
432 2053 526 2129 rogo
552 2027 747 2125 scriptoris
771 2027 1060 2126 imponerentur
1085 2037 1130 2103 et
1154 2028 1294 2103 exstin-

146 2161 209 2228 oto
235 2176 283 2226 eo
308 2149 418 2224 simul
444 2146 773 2246 exstinguerentur
797 2155 914 2245 atque
938 2171 988 2221 ex
1012 2172 1085 2221 usu
1104 2156 1144 2223 et
1165 2148 1295 2223 notitia

147 2269 347 2347 hominum
372 2274 655 2341 evanescerent.
715 2265 800 2358 Qua
832 2266 876 2339 in
905 2289 950 2341 re
975 2266 1146 2341 dubitari
1169 2266 1296 2367 nequit

148 2389 244 2491 quin
276 2385 452 2461 Horatius
484 2409 554 2459 suo
589 2406 699 2459 moro
741 2382 856 2457 simul
887 2384 927 2458 id
966 2386 1218 2485 spectaverit,
1258 2394 1295 2459 ut

149 2515 250 2583 tecte
277 2514 317 2581 ot
350 2504 457 2603 quasi
491 2503 595 2576 aliud
629 2526 744 2603 agens
779 2503 1013 2577 stomachum
1047 2502 1193 2579 faceret
1225 2504 1296 2578 Lu·

152 2626 229 2705 ollii
257 2623 566 2716 admiratoribus,
600 2620 730 2719 utqui,
765 2621 797 2695 si
830 2620 1024 2696 Lucilirun
1056 2649 1170 2697 suum
1198 2620 1314 2700 corn·¹

151 2747 320 2849 positrun
346 2749 681 2841 comparatrnnque
715 2740 887 2816 viderent
919 2768 1006 2817 erun
1040 2749 1122 2816 tam
1153 2744 1298 2817 misello

153 2876 193 2945 et
232 2871 447 2962 contempto
490 2859 768 2954 versificatore,
812 2861 934 2957 qualis
974 2861 1109 2935 luisset
1154 2863 1300 2938 Cassius

153 2985 353 3074 Etmrscus,
387 3006 466 3055 non
497 2987 648 3078 possent
674 3003 753 3052 non
778 2978 1025 3053 vehementer
1048 2980 1242 3081 indignari
1266 2990 1301 3055 et

153 3106 211 3179 ira
237 3100 525 3177 excandescere.
577 3095 879 3191 Verumtamen,
906 3105 1113 3196 uteunque
1130 3101 1181 3175 de
1200 3125 1301 3177 com·

155 3220 333 3297 mentioia
352 3217 469 3290 Cassii
494 3216 685 3315 sepultura
710 3212 919 3315 judicatur,
946 3217 986 3289 id
1011 3218 1053 3291 in
1078 3219 1213 3317 aprico
1236 3228 1302 3312 est,

154 3341 259 3417 lrrrnc
286 3336 456 3410 Cassium
474 3333 677 3409 Etruscum
701 3361 781 3410 non
806 3335 951 3409 laudari
976 3335 1040 3411 iric
1064 3338 1116 3411 ab
1134 3338 1302 3431 Horatio,

157 3461 227 3535 sed
251 3455 402 3532 irrideri
428 3464 468 3527 et
494 3454 787 3528 commemorari
814 3445 1016 3553 ¹tamquam
1041 3455 1189 3530 malum
1214 3480 1305 3556 poe·

157 3588 236 3655 tam
261 3585 371 3673 atque
397 3574 439 3646 in
464 3597 511 3646 eo
536 3572 734 3665 vitiosum,
768 3574 872 3670 quod
895 3575 1039 3670 pariter
1064 3598 1111 3649 ao
1135 3572 1305 3650 Lucilius

157 3721 292 3777 versus
317 3693 520 3767 festinante
547 3693 647 3786 stylo
675 3689 853 3766 effuderit
878 3699 918 3764 et
934 3702 1108 3765 metuens
1133 3693 1307 3769 laborem

160 3819 275 3893 limae
292 3812 432 3888 chartis
447 3812 622 3887 illeverit.
674 3812 800 3908 Atque
814 3810 940 3884 Acron
959 3809 1195 3887 Sclroliastes
1222 3834 1309 3887 eum

161 3933 352 4036 expressis
377 3932 505 4007 verbis
530 3930 695 4028 appellat
710 3929 863 4001 snolrsm
885 3942 1062 4027 poetron,
1091 3929 1159 4027 qui
1178 3931 1309 4030 rapido

161 4055 266 4133 amni
298 4051 417 4127 multa
450 4055 698 4149 purgamenta
731 4071 864 4122 secum
893 4046 1058 4121 callenti
1084 4048 1308 4123 assimilatus

160 4177 230 4268 sit,
256 4173 359 4273 quod
385 4170 526 4244 mrdtos
552 4192 684 4243 versus
708 4165 750 4239 in
774 4190 893 4266 parvo
918 4173 1116 4243 momento
1140 4166 1311 4265 scripsis-

163 4302 221 4367 set
263 4291 403 4366 nullius
445 4286 637 4361 utilitatis:
687 4310 763 4383 qaia
802 4286 961 4384 quidem
1000 4284 1311 4385 interpretatione

164 4410 260 4485 uilril
284 4414 407 4509 potest
434 4431 517 4482 csse
542 4404 742 4501 vcrius²²)!
787 4475 790 4481 .

254 4684 307 4749 22)
328 4678 513 4753 Comparatio
541 4678 589 4741 sel
617 4680 753 4740 orationis
774 4678 821 4740 sel
843 4677 996 4738 dicentium
1018 4697 1084 4739 cnm
1106 4677 1230 4741 flumine
1249 4678 1313 4739 satis

146 4767 252 4827 ’obsis
288 4775 334 4827 est
368 4765 445 4839 apud
478 4767 630 4843 utriusque
660 4765 760 4842 populi
792 4767 965 4842 senatores,
999 4764 1052 4825 sed
1080 4784 1136 4840 pro
1166 4766 1312 4826 rotharis
