2670 5294
148 624 225 701 280
503 646 553 698 or
580 646 716 699 cnssro
744 645 964 703 samanar.

151 808 317 905 secedit,
359 808 428 883 sed
467 807 583 883 etiam
615 810 781 884 multum
820 807 1059 885 obseuritatis
1102 809 1283 886 manem

149 929 355 1006 evanesoit.
414 926 558 1001 Mallia
591 951 690 1026 quoe
720 928 792 1017 sit,
837 936 1131 1021 controversum
1166 938 1285 1004 estet

150 1049 437 1148 perobseunnn.
505 1045 621 1120 Teste
663 1045 759 1121 Just.
800 1046 974 1143 Ryequio
1018 1048 1068 1123 de
1114 1046 1287 1147 Capitolio

150 1167 262 1241 Rom.
288 1190 322 1241 e.
340 1166 404 1239 46.
430 1189 470 1263 p.
487 1163 575 1238 547.
601 1163 755 1240 fuerunt
771 1165 838 1262 qui
862 1190 934 1263 pro
950 1163 1099 1240 Mallia
1116 1166 1191 1266 Iegi
1203 1168 1289 1241 mal-

149 1285 233 1360 lent
266 1281 446 1377 Manlia,
488 1282 767 1376 existimantes,
809 1307 938 1359 arcem
972 1283 1226 1381 Capitolinam
1247 1287 1289 1359 ab
1327 1270 1329 1293 ¹

151 1404 294 1478 Manlio
328 1403 471 1475 dietam
501 1397 616 1475 fuisse
648 1400 865 1497 Manlium,
898 1403 1115 1495 stlocum,
1154 1404 1199 1478 in
1221 1430 1287 1503 qm

152 1546 270 1597 coena
296 1524 511 1604 δωδεκάθεος
545 1521 813 1621 praeberetur,
861 1518 1004 1596 fastum
1034 1522 1087 1596 ad
1113 1522 1215 1597 iliius
1238 1546 1287 1597 er·

152 1640 206 1715 eis
230 1640 406 1715 formam.
456 1641 552 1715 Eam
578 1639 799 1738 opinionem
823 1639 999 1737 quamvis
1022 1663 1168 1717 vanam
1192 1665 1289 1717 seur·

151 1765 215 1832 tus
240 1759 501 1833 Bernsteinius
525 1759 553 1834 l.
573 1783 606 1833 o.
631 1784 671 1857 p.
690 1756 753 1832 52.
779 1758 1029 1855 perridicule,
1072 1783 1124 1833 ne
1151 1759 1288 1860 gravius

153 1877 245 1975 quid
279 1879 424 1972 diram,
458 1879 507 1952 de
533 1876 721 1976 Capitolio
747 1877 829 1975 ipso
854 1877 992 1975 aoeipit
1016 1901 1193 1976 suaeque
1216 1902 1289 1951 seu·

152 1996 297 2071 tentiae
330 1997 540 2071 subsidium
563 1996 701 2095 repetit
734 2019 758 2069 e
790 2020 848 2071 va.
875 1993 912 2070 5.
939 2003 978 2069 et
1002 1997 1041 2070 6.
1104 1994 1290 2070 Ernestiu

156 2138 244 2189 eum
278 2115 362 2188 aliis
396 2115 574 2215 intelligit
605 2138 770 2189 uxorem
804 2113 958 2214 ohoragi
986 2113 1013 2187 i.
1038 2138 1076 2189 e.
1103 2110 1289 2191 Octaviani

156 2233 419 2307 convivatoris.
492 2232 541 2307 Et
575 2240 658 2307 eret
693 2257 770 2330 quo
802 2256 874 2332 ego
907 2256 1063 2331 (proque
1096 2234 1289 2333 cogitarem

154 2350 204 2423 de
221 2348 332 2426 Livia
340 2403 353 2445 ,
381 2376 496 2449 quam
513 2353 601 2445 iiie,
627 2358 724 2425 teste
736 2351 860 2424 Dione
879 2349 983 2448 Cass.
998 2350 1109 2425 Libr.
1124 2348 1289 2425 XLVIII.

155 2491 189 2542 e.
207 2468 292 2561 43„
331 2470 373 2542 in
404 2471 690 2545 matrimonium
723 2471 884 2543 duxerat
908 2493 941 2543 a.
965 2469 1011 2543 U.
1041 2468 1085 2544 G.
1105 2465 1199 2545 716.
1245 2466 1288 2541 Er

156 2586 271 2688 igitur
303 2586 374 2662 fuit
409 2586 485 2691 jam
517 2590 618 2662 illius
662 2612 763 2662 uxor
793 2612 840 2662 eo
873 2594 1071 2687 tempore,
1117 2614 1199 2687 quo
1231 2587 1289 2660 boe

157 2707 390 2806 epigramma
423 2714 624 2782 exaratum
655 2730 738 2781 esse
763 2730 879 2805 supra
904 2707 1099 2781 admonui.
1151 2704 1288 2782 Aooedit

157 2826 262 2924 quod
285 2825 450 2900 Mallias
474 2834 513 2901 et
543 2824 680 2898 Liviae
698 2825 855 2898 nomina
870 2825 942 2897 sibi
957 2825 1130 2900 invicem
1147 2848 1287 2924 respou-

156 2946 249 3018 dent
275 2969 436 3018 numero
462 2953 500 3019 et
526 2944 735 3042 quantitate
760 2944 1007 3038 syllabarum:
1048 2971 1170 3043 quam
1193 2968 1286 3043 regu·

155 3064 235 3136 lum
274 3064 316 3136 in
360 3064 560 3138 nominum
601 3063 880 3162 permutatione
920 3086 943 3136 a
984 3064 1115 3162 poetis
1160 3059 1285 3137 Latinit

158 3184 397 3256 observatam
429 3207 533 3275 esse,
578 3183 668 3256 satis
701 3187 834 3255 notum
868 3187 936 3255 est.
993 3182 1043 3255 At
1078 3184 1186 3256 nulla
1214 3175 1285 3278 fingi

157 3299 442 3400 excogitarique
467 3309 594 3400 potest
618 3301 737 3394 rotie,
764 3300 814 3373 ob
841 3324 956 3398 (suam
980 3300 1093 3373 istius
1118 3300 1285 3400 epigram·

156 3417 267 3491 matis
320 3419 500 3516 scriptor,
568 3420 737 3518 quisquis
787 3427 891 3512 erat,
941 3420 1109 3494 voluerit
1157 3417 1284 3492 Liviam

154 3534 245 3611 ficto
270 3537 398 3634 potius
424 3562 541 3634 quem
567 3547 671 3614 reete
699 3539 826 3613 dicere
851 3537 1030 3630 nomine,
1074 3561 1166 3612 eum
1193 3534 1284 3609 Oeta·

19 3694 22 3699 ·
156 3655 311 3731 vientnn
343 3662 435 3727 noto
474 3656 654 3733 Caesaris
686 3656 842 3730 nomine
875 3655 1126 3753 prostituerit.
1178 3655 1283 3753 Quart

156 3773 296 3847 rectius
321 3774 385 3848 elii
409 3774 577 3848 Melliam
601 3774 719 3849 fuisse
745 3777 983 3872 suspicentur
1015 3774 1284 3873 pantomimam,
1326 3744 1329 3835 1

157 3891 199 3963 in
234 3887 340 3990 eujus
376 3892 491 3967 dome
524 3894 596 3966 ista
632 3918 750 3968 coena
780 3893 1053 3967 institueretur.
1122 3886 1286 3968 Convenit
1327 3900 1329 3965 ἶ

158 4009 232 4086 hoe
257 4010 480 4086 libidinosae
508 4009 706 4087 Octaviani
740 4012 864 4104 vitae,
909 4008 1015 4111 eujus
1038 4010 1201 4087 infamia
1223 4016 1287 4083 tm

157 4127 357 4227 adspersus
392 4136 502 4203 esset.
573 4128 741 4203 Mediae
774 4130 935 4204 libertae
965 4154 1112 4205 nomen
1146 4128 1287 4205 obvium

156 4247 271 4321 estin
288 4247 465 4344 Inscript.
484 4272 546 4346 ap.
565 4245 718 4322 Gruter.
737 4250 826 4325 984.
846 4251 883 4322 2.
902 4289 955 4303 -
981 4247 1121 4323 Caesar
1130 4246 1288 4324 Oetarit·

156 4389 229 4438 nus
256 4362 406 4438 Phoebi
427 4365 633 4440 owndacs‘a
659 4367 771 4462 ludit,
799 4367 840 4441 b.
866 4391 902 4441 e.
927 4367 1131 4443 Phoebum
1157 4391 1203 4441 se
1224 4382 1290 4440 esst

154 4505 225 4579 per
259 4482 394 4556 ludum
428 4485 623 4558 scenicum
657 4486 833 4579 simulat,
878 4493 919 4560 et
953 4497 1093 4559 coenat
1125 4484 1292 4560 divom

156 4599 373 4692 adulterio,
405 4599 444 4676 h.
472 4628 508 4677 e.
534 4604 575 4676 in
607 4628 725 4679 coena
750 4604 936 4678 adulteria
961 4603 1160 4702 exprimit.
1210 4604 1293 4701 Apte

155 4716 358 4792 Paldamrn
383 4717 424 4792 in
450 4717 632 4797 Seebodii
667 4729 705 4796 et
729 4720 858 4798 Jahnii
882 4721 977 4800 Nor.
1002 4722 1146 4801 nunu.
1173 4719 1294 4799 nrt
