2670 5294
395 352 446 403 on
473 353 510 402 ι..
529 353 658 406 vino
685 354 830 407 roure.
1134 332 1181 407 71

83 517 101 593 i
124 515 213 591 iilos
235 514 396 591 hudum
421 537 580 592 suerrum
602 515 806 594 invenerat
828 541 1050 619 proeeones.
1094 517 1183 598 dam

83 660 128 713 ω
161 633 417 736 orme,
461 656 563 733 quae
594 634 915 734 esum-carmen
956 640 1182 739 esua

83 762 145 830 tn
169 774 325 829 omnem
349 752 625 828 dubitationem
649 756 774 854 poerit
797 756 1061 835 Massonusiu
1083 756 1182 834 Jono

83 897 163 971 ser.
187 870 290 947 Soet.
306 869 377 946 ΠΙ.
403 895 437 945 o.
455 873 494 946 8.
519 875 632 962 §.12
656 901 697 974 p.
716 877 954 954 210-216.
979 884 1019 951 et
1042 877 1084 951 in
1104 874 1181 952 Vit.

83 992 178 1067 »retii
201 992 252 1065 od
275 1015 337 1066 an.
355 991 401 1065 U.
418 988 461 1065 G.
478 992 566 1066 744.
591 1018 632 1092 p.
649 994 739 1069 30⁰.
756 1020 837 1096 sq.,
863 996 962 1072 hono
986 997 1035 1070 ad
1050 997 1183 1098 Augu·

84 1137 135 1186 nn
168 1109 368 1208 epistolam
398 1109 579 1208 scriptam
605 1136 692 1188 esse
726 1114 775 1188 ob
809 1114 968 1190 Horatio
999 1138 1101 1192 anno
1136 1115 1181 1191 U.

92 1229 184 1303 744.
205 1235 375 1303 exeunte
403 1252 475 1303 seu
497 1229 656 1306 inermte
673 1255 783 1308 -anno
805 1234 849 1308 U.
866 1234 909 1310 C.
925 1231 1036 1330 745.,
1061 1257 1183 1334 quum

84 1347 209 1449 rgilius
232 1344 313 1449 jam
336 1370 478 1424 norem
503 1346 642 1424 abhino
666 1351 778 1426 annis
802 1353 882 1429 vita
899 1353 1180 1452 exesseratffl).

84 1489 167 1564 que
191 1465 447 1542 certissimum
470 1475 549 1559 est,
576 1470 682 1565 quod
707 1472 824 1545 etiem
851 1471 900 1547 G.
920 1472 1040 1548 Niool.
1057 1472 1181 1548 Heer-

84 1585 188 1659 nsius
226 1585 269 1659 in
301 1583 467 1663 Praefat.
504 1587 553 1660 ed
584 1587 722 1664 leones
756 1618 797 1689 p.
824 1590 984 1665 Lxxx.
1017 1590 1181 1682 monuit,

93 1703 257 1779 Varimn
280 1704 438 1780 Poetam
471 1712 560 1779 ante
588 1728 732 1782 annum
756 1709 802 1783 U.
821 1708 863 1784 C.
883 1709 973 1786 745.
997 1722 1037 1786 et
1059 1711 1179 1810 prius,

84 1847 148 1897 am
161 1823 361 1898 Horatium
386 1831 425 1897 et
440 1821 712 1921 Maecenatem,
737 1829 817 1904 vita
841 1838 881 1905 et
904 1830 1019 1905 rebus
1043 1829 1179 1904 huma·

84 1968 92 2015 ι
126 1943 351 2018 exeessisse.
413 1939 583 2019 Certiora
617 1946 730 2040 enni,
768 1948 835 2048 qui
871 1949 909 2024 ei
932 1948 1059 2024 fatalis
1084 1955 1178 2040 eret,

85 2061 173 2137 iieia
198 2062 350 2136 desunt.

134 2178 222 2258 Jem
246 2181 279 2255 si
303 2188 476 2279 tempus,
503 2205 581 2279 quo
604 2190 801 2259 mortumn
818 2209 904 2260 esse
924 2185 1084 2261 dicimus
1100 2184 1179 2259 Va·

85 2326 152 2394 un,
194 2322 419 2376 resonamus
452 2300 502 2373 ad
539 2296 623 2403 ejus
648 2304 818 2399 natales,
851 2328 987 2398 nemo,
1028 2303 1178 2402 opinor,

85 2426 125 2514 t,
150 2419 245 2517 quin
269 2418 465 2517 praeclare
490 2421 619 2495 omnia
644 2422 865 2520 eonspirare
888 2420 1065 2496 fateenn.
1104 2419 1179 2497 Na·

85 2564 113 2615 n
127 2562 215 2614 esse
240 2537 419 2636 suspicati
433 2563 567 2614 sumus
581 2539 742 2615 Verium
758 2564 795 2615 a.
816 2539 863 2615 U.
880 2539 923 2615 G.
940 2540 1028 2617 672
1071 2540 1179 2615 Hono

85 2655 293 2759 ojeetrrram
316 2656 350 2730 si
375 2657 593 2757 sequimur,
627 2659 693 2734 ilie
718 2684 789 2754 eo,
825 2684 903 2758 quo
929 2660 1106 2735 Horatius
1130 2659 1179 2735 ed

85 2784 247 2880 ignotum
270 2775 438 2876 scripsit,
465 2786 660 2876 tempore,
686 2779 860 2855 siedhuo
876 2779 1059 2873 vixisset,
1083 2777 1179 2854 fitis-

85 2918 240 2971 :seuex
262 2896 593 2997 septingenas-iuss
628 2920 728 2996 quae
763 2904 865 2972 setas
899 2898 1057 2972 minime
1089 2921 1178 2972 rara

85 3022 114 3089 rt
147 3015 250 3113 opud
282 3014 490 3090 Romanos.
557 3015 690 3115 Neque
724 3017 814 3092 huie
848 3015 1020 3115 opinioni
1053 3017 1180 3091 obstat

86 3135 225 3211 ›latrrm
248 3140 280 3219 t.
301 3135 361 3207 ΙΙ.
388 3134 649 3209 testimonium
682 3134 908 3231 Hieronymi
941 3135 1100 3210 dieentis
1129 3137 1178 3210 ud

86 3278 192 3352 φωρ.
211 3253 297 3327 190.
314 3256 366 3347 4.,
392 3253 418 3326 i.
433 3277 469 3328 e.
496 3276 531 3326 a.
555 3252 601 3328 U.
618 3251 660 3327 G.
680 3255 790 3349 737„
824 3254 984 3329 Varium
1008 3261 1049 3329 et
1073 3253 1109 3328 T
1112 3276 1178 3328 uo·

86 3396 118 3447 n
142 3370 307 3445 illmtres
330 3369 483 3446 habitos
509 3395 591 3446 esse
616 3379 773 3471 poetasr
809 3372 956 3470 aliquot
980 3373 1083 3447 enim
1107 3395 1177 3446 on·

86 3516 91 3562 ι
118 3498 228 3584 ante,
263 3497 305 3563 ut
328 3499 360 3580 5.
381 3490 445 3564 1⁰.
471 3491 725 3583 ostendimus,
760 3489 932 3565 ediderat
956 3489 1177 3584 Thyestem,

86 3610 225 3702 mium,
268 3611 367 3707 quae
400 3608 619 3708 seripserat,
662 3608 871 3685 earminum
902 3606 1178 3709 praestantissi-

86 3752 153 3803 mr.
201 3725 253 3803 Et
278 3728 411 3826 quidui
434 3727 596 3803 Verium
619 3751 741 3826 aeque
766 3735 879 3827 atque
898 3725 1075 3799 Asinium
1088 3723 1180 3800 Pol-

86 3870 191 3942 nem,
216 3846 313 3921 iilud
328 3871 515 3925 nervosae
531 3844 742 3922 vireoitatis
758 3845 860 3920 haud
868 3866 1034 3944 paruum
1044 3865 1180 3918 exem·

86 3965 192 4064 rm⁶⁴)
199 4018 214 4059 ,
237 3966 280 4041 in
294 3966 418 4042 landis
433 3965 662 4043 carminibus
678 3972 807 4065 partae
824 3963 921 4040 flore
936 3963 1180 4040 eonsenuisse

120 4211 179 4281 63)
206 4203 340 4268 Meneni
365 4208 536 4268 warentiam
559 4224 654 4282 nuper
679 4205 842 4282 mpugnmi
869 4212 1000 4280 ereptam
1025 4196 1181 4269 defendere

87 4292 198 4355 inimus
216 4294 249 4352 iu
267 4290 393 4354 Exoun.
412 4292 458 4356 V.

119 4382 176 4456 6⁴)
204 4376 251 4439 {ta
271 4377 412 4439 Aristium
436 4375 598 4439 Pollionem
626 4374 752 4452 appellet
779 4372 881 4436 Voler.
913 4372 1064 4435 Maximus
1093 4371 1180 4433 Leo.

87 4462 125 4527 ΙῙ.
155 4471 256 4529 ΗΘ.
282 4468 418 4527 iaxta
443 4484 532 4539 mm,
560 4470 595 4523 ut
619 4458 708 4523 Δια.
736 4458 817 4526 ssiri.
843 4459 875 4522 d.
904 4456 1106 4521 Oratess.
1131 4457 1182 4528 ait,
