<?xml version="1.0" encoding="UTF-8"?>
<!DOCTYPE html PUBLIC "-//W3C//DTD XHTML 1.0 Transitional//EN"
    "http://www.w3.org/TR/xhtml1/DTD/xhtml1-transitional.dtd">
<html xmlns="http://www.w3.org/1999/xhtml" xml:lang="en" lang="en">
 <head>
  <title>
</title>
<meta http-equiv="Content-Type" content="text/html;charset=utf-8" />
  <meta name='ocr-system' content='tesseract 3.04.00' />
  <meta name='ocr-capabilities' content='ocr_page ocr_carea ocr_par ocr_line ocrx_word'/>
</head>
<body>
  <div class='ocr_page' id='page_1' title='image "./deluciivariietc00weicgoog_0029.png"; bbox 0 0 2670 5294; ppageno 0'>
   <div class='ocr_carea' id='block_1_1' title="bbox 507 677 1035 758">
    <p class='ocr_par' dir='ltr' id='par_1_1' title="bbox 507 677 1035 758">
     <span class='ocr_line' id='line_1_1' title="bbox 507 677 1035 758; baseline -0.008 -24"><span class='ocrx_word' id='word_1_1' title='bbox 507 679 559 734; x_wconf 88' lang='lat' dir='ltr'><strong>os</strong></span> <span class='ocrx_word' id='word_1_2' title='bbox 585 679 622 733; x_wconf 83' lang='lat' dir='ltr'><strong>s.</strong></span> <span class='ocrx_word' id='word_1_3' title='bbox 647 679 775 734; x_wconf 75' lang='lat' dir='ltr'><strong>unsre</strong></span> <span class='ocrx_word' id='word_1_4' title='bbox 801 677 946 733; x_wconf 75' lang='lat' dir='ltr'><strong>rosus.</strong></span> <span class='ocrx_word' id='word_1_5' title='bbox 1032 754 1035 758; x_wconf 22' lang='grc' dir='ltr'>Ι</span> 
     </span>
    </p>
   </div>
   <div class='ocr_carea' id='block_1_2' title="bbox 151 992 1331 2048">
    <p class='ocr_par' dir='ltr' id='par_1_2' title="bbox 152 992 1331 1581">
     <span class='ocr_line' id='line_1_2' title="bbox 259 992 1331 1103; baseline -0.003 -26"><span class='ocrx_word' id='word_1_6' title='bbox 259 997 425 1077; x_wconf 81' lang='lat' dir='ltr'>Gentem</span> <span class='ocrx_word' id='word_1_7' title='bbox 450 997 606 1077; x_wconf 80' lang='lat' dir='ltr'><strong>Variam</strong></span> <span class='ocrx_word' id='word_1_8' title='bbox 638 996 755 1075; x_wconf 72' lang='lat' dir='ltr'><strong>iusisse</strong></span> <span class='ocrx_word' id='word_1_9' title='bbox 787 992 979 1103; x_wconf 77' lang='lat' dir='ltr'><strong>plebeiam</strong></span> <span class='ocrx_word' id='word_1_10' title='bbox 1009 1003 1126 1098; x_wconf 87' lang='lat' dir='ltr'><strong>atqne</strong></span> <span class='ocrx_word' id='word_1_11' title='bbox 1148 996 1288 1103; x_wconf 82' lang='lat' dir='ltr'><strong>ignobi·</strong></span> <span class='ocrx_word' id='word_1_12' title='bbox 1329 1022 1331 1027; x_wconf 51' lang='lat'><strong>⁴</strong></span> 
     </span>
     <span class='ocr_line' id='line_1_3' title="bbox 154 1118 1331 1219; baseline -0.001 -24"><span class='ocrx_word' id='word_1_13' title='bbox 154 1122 252 1218; x_wconf 91' lang='lat' dir='ltr'><strong>lem,</strong></span> <span class='ocrx_word' id='word_1_14' title='bbox 278 1123 318 1195; x_wconf 91' lang='lat' dir='ltr'><strong>in</strong></span> <span class='ocrx_word' id='word_1_15' title='bbox 343 1120 519 1197; x_wconf 83' lang='lat' dir='ltr'><strong>confesso</strong></span> <span class='ocrx_word' id='word_1_16' title='bbox 544 1126 620 1214; x_wconf 87' lang='lat' dir='ltr'><strong>est,</strong></span> <span class='ocrx_word' id='word_1_17' title='bbox 646 1118 680 1194; x_wconf 90' lang='lat' dir='ltr'><strong>si</strong></span> <span class='ocrx_word' id='word_1_18' title='bbox 704 1118 860 1219; x_wconf 80' lang='lat' dir='ltr'><strong>qudem</strong></span> <span class='ocrx_word' id='word_1_19' title='bbox 881 1142 1020 1215; x_wconf 91' lang='lat' dir='ltr'><strong>nemo,</strong></span> <span class='ocrx_word' id='word_1_20' title='bbox 1046 1118 1154 1219; x_wconf 86' lang='lat' dir='ltr'><strong>quod</strong></span> <span class='ocrx_word' id='word_1_21' title='bbox 1169 1118 1287 1213; x_wconf 80' lang='lat' dir='ltr'><strong>seiam,</strong></span> <span class='ocrx_word' id='word_1_22' title='bbox 1330 1128 1331 1136; x_wconf 78' lang='grc'>’</span> 
     </span>
     <span class='ocr_line' id='line_1_4' title="bbox 154 1236 1288 1340; baseline -0.003 -24"><span class='ocrx_word' id='word_1_23' title='bbox 154 1241 194 1316; x_wconf 84' lang='grc'><strong>16</strong></span> <span class='ocrx_word' id='word_1_24' title='bbox 220 1265 266 1316; x_wconf 83' lang='grc'><strong>66</strong></span> <span class='ocrx_word' id='word_1_25' title='bbox 291 1241 458 1334; x_wconf 85' lang='lat' dir='ltr'><strong>exstitit,</strong></span> <span class='ocrx_word' id='word_1_26' title='bbox 493 1239 561 1340; x_wconf 90' lang='lat' dir='ltr'><strong>qui</strong></span> <span class='ocrx_word' id='word_1_27' title='bbox 584 1239 770 1338; x_wconf 74' lang='lat' dir='ltr'><strong>imagines</strong></span> <span class='ocrx_word' id='word_1_28' title='bbox 794 1245 1019 1321; x_wconf 77' lang='lat' dir='ltr'><strong>consecutus</strong></span> <span class='ocrx_word' id='word_1_29' title='bbox 1042 1236 1176 1313; x_wconf 81' lang='lat' dir='ltr'><strong>liselit.</strong></span> <span class='ocrx_word' id='word_1_30' title='bbox 1224 1237 1288 1333; x_wconf 74' lang='lat' dir='ltr'><strong>Qut</strong></span> 
     </span>
     <span class='ocr_line' id='line_1_5' title="bbox 152 1356 1286 1460; baseline -0.004 -24"><span class='ocrx_word' id='word_1_31' title='bbox 152 1383 207 1436; x_wconf 79' lang='lat' dir='ltr'><strong>ex</strong></span> <span class='ocrx_word' id='word_1_32' title='bbox 247 1360 493 1460; x_wconf 74' lang='lat' dir='ltr'><strong>scriptoribus</strong></span> <span class='ocrx_word' id='word_1_33' title='bbox 524 1357 705 1435; x_wconf 83' lang='lat' dir='ltr'><strong>Romanis</strong></span> <span class='ocrx_word' id='word_1_34' title='bbox 744 1356 992 1433; x_wconf 79' lang='lat' dir='ltr'><strong>innotuertmt</strong></span> <span class='ocrx_word' id='word_1_35' title='bbox 1030 1357 1147 1433; x_wconf 88' lang='lat' dir='ltr'><strong>uobis</strong></span> <span class='ocrx_word' id='word_1_36' title='bbox 1179 1356 1286 1453; x_wconf 81' lang='lat' dir='ltr'><strong>Varii,</strong></span> 
     </span>
     <span class='ocr_line' id='line_1_6' title="bbox 153 1476 1258 1581; baseline 0.001 -29"><span class='ocrx_word' id='word_1_37' title='bbox 153 1504 316 1555; x_wconf 89' lang='lat' dir='ltr'><strong>numero</strong></span> <span class='ocrx_word' id='word_1_38' title='bbox 340 1477 544 1581; x_wconf 81' lang='lat' dir='ltr'><strong>perpauci,</strong></span> <span class='ocrx_word' id='word_1_39' title='bbox 570 1502 706 1553; x_wconf 91' lang='lat' dir='ltr'><strong>eorum</strong></span> <span class='ocrx_word' id='word_1_40' title='bbox 729 1476 913 1553; x_wconf 82' lang='lat' dir='ltr'><strong>familiam</strong></span> <span class='ocrx_word' id='word_1_41' title='bbox 939 1478 1080 1553; x_wconf 81' lang='lat' dir='ltr'><strong>ducere</strong></span> <span class='ocrx_word' id='word_1_42' title='bbox 1103 1477 1258 1554; x_wconf 84' lang='lat' dir='ltr'><strong>videtur</strong></span> 
     </span>
    </p>

    <p class='ocr_par' dir='ltr' id='par_1_3' title="bbox 151 1611 1290 2048">
     <span class='ocr_line' id='line_1_7' title="bbox 255 1611 1289 1714; baseline 0 -25"><span class='ocrx_word' id='word_1_43' title='bbox 255 1614 293 1712; x_wconf 93' lang='grc' dir='ltr'><strong>Ι)</strong></span> <span class='ocrx_word' id='word_1_44' title='bbox 329 1615 375 1709; x_wconf 77' lang='lat' dir='ltr'><strong>Q.</strong></span> <span class='ocrx_word' id='word_1_45' title='bbox 392 1613 527 1689; x_wconf 87' lang='lat' dir='ltr'><strong>Varius</strong></span> <span class='ocrx_word' id='word_1_46' title='bbox 545 1611 813 1709; x_wconf 77' lang='lat' dir='ltr'><strong>Sucronensis,</strong></span> <span class='ocrx_word' id='word_1_47' title='bbox 838 1613 907 1714; x_wconf 90' lang='lat' dir='ltr'><strong>qui</strong></span> <span class='ocrx_word' id='word_1_48' title='bbox 920 1620 1077 1714; x_wconf 89' lang='lat' dir='ltr'><strong>propter</strong></span> <span class='ocrx_word' id='word_1_49' title='bbox 1090 1612 1289 1690; x_wconf 71' lang='lat' dir='ltr'><strong>obscurum</strong></span> 
     </span>
     <span class='ocr_line' id='line_1_8' title="bbox 152 1729 1289 1836; baseline -0.003 -25"><span class='ocrx_word' id='word_1_50' title='bbox 152 1733 312 1812; x_wconf 85' lang='lat' dir='ltr'><strong>civitatis</strong></span> <span class='ocrx_word' id='word_1_51' title='bbox 335 1729 397 1836; x_wconf 86' lang='lat' dir='ltr'><strong>jus</strong></span> <span class='ocrx_word' id='word_1_52' title='bbox 422 1756 637 1834; x_wconf 86' lang='lat' dir='ltr'><strong>cognomen</strong></span> <span class='ocrx_word' id='word_1_53' title='bbox 656 1730 859 1830; x_wconf 81' lang='lat' dir='ltr'><strong>Hybridoe</strong></span> <span class='ocrx_word' id='word_1_54' title='bbox 880 1732 1043 1827; x_wconf 87' lang='lat' dir='ltr'><strong>invenit,</strong></span> <span class='ocrx_word' id='word_1_55' title='bbox 1068 1732 1190 1809; x_wconf 89' lang='lat' dir='ltr'><strong>homo</strong></span> <span class='ocrx_word' id='word_1_56' title='bbox 1212 1730 1289 1808; x_wconf 83' lang='lat' dir='ltr'><strong>foe·</strong></span> 
     </span>
     <span class='ocr_line' id='line_1_9' title="bbox 152 1847 1289 1955; baseline -0.001 -26"><span class='ocrx_word' id='word_1_57' title='bbox 152 1855 224 1929; x_wconf 91' lang='lat' dir='ltr'><strong>dus</strong></span> <span class='ocrx_word' id='word_1_58' title='bbox 249 1861 289 1928; x_wconf 90' lang='lat' dir='ltr'><strong>et</strong></span> <span class='ocrx_word' id='word_1_59' title='bbox 312 1860 464 1948; x_wconf 74' lang='lat' dir='ltr'><strong>rastris,</strong></span> <span class='ocrx_word' id='word_1_60' title='bbox 491 1847 600 1955; x_wconf 85' lang='lat' dir='ltr'><strong>eujus</strong></span> <span class='ocrx_word' id='word_1_61' title='bbox 626 1875 755 1927; x_wconf 89' lang='lat' dir='ltr'><strong>mores</strong></span> <span class='ocrx_word' id='word_1_62' title='bbox 780 1851 950 1952; x_wconf 84' lang='lat' dir='ltr'><strong>depingit</strong></span> <span class='ocrx_word' id='word_1_63' title='bbox 963 1850 1090 1927; x_wconf 76' lang='lat' dir='ltr'><strong>Valer.</strong></span> <span class='ocrx_word' id='word_1_64' title='bbox 1103 1850 1289 1928; x_wconf 76' lang='lat' dir='ltr'><strong>Maximus</strong></span> 
     </span>
     <span class='ocr_line' id='line_1_10' title="bbox 151 1969 1290 2048; baseline -0.001 0"><span class='ocrx_word' id='word_1_65' title='bbox 151 1972 258 2048; x_wconf 89' lang='lat' dir='ltr'><strong>Libr.</strong></span> <span class='ocrx_word' id='word_1_66' title='bbox 275 1970 347 2047; x_wconf 92' lang='lat' dir='ltr'><strong>III.</strong></span> <span class='ocrx_word' id='word_1_67' title='bbox 373 1996 407 2046; x_wconf 90' lang='lat' dir='ltr'><strong>e.</strong></span> <span class='ocrx_word' id='word_1_68' title='bbox 423 1974 461 2046; x_wconf 88' lang='lat'><strong>7.</strong></span> <span class='ocrx_word' id='word_1_69' title='bbox 481 1973 520 2045; x_wconf 84' lang='lat'><strong>8.</strong></span> <span class='ocrx_word' id='word_1_70' title='bbox 586 1969 625 2046; x_wconf 91' lang='lat' dir='ltr'><strong>Is</strong></span> <span class='ocrx_word' id='word_1_71' title='bbox 656 1978 784 2045; x_wconf 89' lang='lat' dir='ltr'><strong>tamen</strong></span> <span class='ocrx_word' id='word_1_72' title='bbox 818 1971 969 2047; x_wconf 89' lang='lat' dir='ltr'><strong>dicendi</strong></span> <span class='ocrx_word' id='word_1_73' title='bbox 992 1969 1181 2047; x_wconf 74' lang='lat' dir='ltr'><strong>facultate</strong></span> <span class='ocrx_word' id='word_1_74' title='bbox 1212 1994 1290 2047; x_wconf 87' lang='lat' dir='ltr'><strong>ms·</strong></span> 
     </span>
    </p>
   </div>
   <div class='ocr_carea' id='block_1_3' title="bbox 149 2089 1291 2308">
    <p class='ocr_par' dir='ltr' id='par_1_4' title="bbox 149 2089 1291 2308">
     <span class='ocr_line' id='line_1_11' title="bbox 149 2089 1290 2194; baseline 0.002 -29"><span class='ocrx_word' id='word_1_75' title='bbox 149 2118 265 2194; x_wconf 70' lang='lat' dir='ltr'><strong>gruem</strong></span> <span class='ocrx_word' id='word_1_76' title='bbox 294 2093 337 2167; x_wconf 92' lang='lat' dir='ltr'><strong>in</strong></span> <span class='ocrx_word' id='word_1_77' title='bbox 372 2090 523 2166; x_wconf 87' lang='lat' dir='ltr'><strong>civitate</strong></span> <span class='ocrx_word' id='word_1_78' title='bbox 557 2089 715 2192; x_wconf 85' lang='lat' dir='ltr'><strong>gratiam</strong></span> <span class='ocrx_word' id='word_1_79' title='bbox 748 2097 971 2165; x_wconf 74' lang='lat' dir='ltr'><strong>corueuuus</strong></span> <span class='ocrx_word' id='word_1_80' title='bbox 996 2097 1099 2186; x_wconf 84' lang='lat' dir='ltr'><strong>erat,</strong></span> <span class='ocrx_word' id='word_1_81' title='bbox 1140 2098 1290 2167; x_wconf 67' lang='lat' dir='ltr'><strong>sudore</strong></span> 
     </span>
     <span class='ocr_line' id='line_1_12' title="bbox 151 2206 1291 2308; baseline -0.003 -20"><span class='ocrx_word' id='word_1_82' title='bbox 151 2211 336 2288; x_wconf 83' lang='lat' dir='ltr'><strong>Cicerone</strong></span> <span class='ocrx_word' id='word_1_83' title='bbox 368 2209 417 2285; x_wconf 90' lang='lat' dir='ltr'><strong>de</strong></span> <span class='ocrx_word' id='word_1_84' title='bbox 451 2207 557 2283; x_wconf 78' lang='lat' dir='ltr'><strong>Orat.</strong></span> <span class='ocrx_word' id='word_1_85' title='bbox 577 2208 735 2284; x_wconf 86' lang='lat' dir='ltr'><strong>Libr.I.</strong></span> <span class='ocrx_word' id='word_1_86' title='bbox 762 2234 795 2284; x_wconf 82' lang='lat' dir='ltr'><strong>e.</strong></span> <span class='ocrx_word' id='word_1_87' title='bbox 811 2206 874 2285; x_wconf 80' lang='lat'><strong>25.</strong></span> <span class='ocrx_word' id='word_1_88' title='bbox 906 2208 1038 2308; x_wconf 85' lang='lat' dir='ltr'><strong>ibique</strong></span> <span class='ocrx_word' id='word_1_89' title='bbox 1061 2209 1291 2285; x_wconf 86' lang='lat' dir='ltr'><strong>llenricbsan</strong></span> 
     </span>
    </p>
   </div>
   <div class='ocr_carea' id='block_1_4' title="bbox 148 2326 1331 2668">
    <p class='ocr_par' dir='ltr' id='par_1_5' title="bbox 148 2311 1331 2668">
     <span class='ocr_line' id='line_1_13' title="bbox 149 2326 1331 2433; baseline -0.002 -28"><span class='ocrx_word' id='word_1_90' title='bbox 149 2328 628 2433; x_wconf 75' lang='lat' dir='ltr'><strong>p.54.(flau1ia01833).</strong></span> <span class='ocrx_word' id='word_1_91' title='bbox 678 2328 767 2404; x_wconf 85' lang='lat' dir='ltr'><strong>Fuit</strong></span> <span class='ocrx_word' id='word_1_92' title='bbox 790 2329 962 2404; x_wconf 74' lang='lat' dir='ltr'><strong>tribtrnm</strong></span> <span class='ocrx_word' id='word_1_93' title='bbox 986 2328 1108 2429; x_wconf 90' lang='lat' dir='ltr'><strong>plebis</strong></span> <span class='ocrx_word' id='word_1_94' title='bbox 1134 2352 1170 2404; x_wconf 84' lang='lat' dir='ltr'><strong>a.</strong></span> <span class='ocrx_word' id='word_1_95' title='bbox 1187 2329 1234 2403; x_wconf 88' lang='lat' dir='ltr'><strong>U.</strong></span> <span class='ocrx_word' id='word_1_96' title='bbox 1250 2326 1289 2403; x_wconf 75' lang='lat' dir='ltr'><strong>G.</strong></span> <span class='ocrx_word' id='word_1_97' title='bbox 1329 2336 1331 2361; x_wconf 76' lang='lat'>⁵</span> 
     </span>
     <span class='ocr_line' id='line_1_14' title="bbox 150 2443 1288 2568; baseline 0 -42"><span class='ocrx_word' id='word_1_98' title='bbox 150 2450 240 2526; x_wconf 85' lang='grc'><strong>664.</strong></span> <span class='ocrx_word' id='word_1_99' title='bbox 274 2448 323 2523; x_wconf 86' lang='grc'><strong>61)</strong></span> <span class='ocrx_word' id='word_1_100' title='bbox 359 2471 485 2547; x_wconf 90' lang='lat' dir='ltr'><strong>eoque</strong></span> <span class='ocrx_word' id='word_1_101' title='bbox 517 2448 594 2523; x_wconf 83' lang='lat' dir='ltr'><strong>late</strong></span> <span class='ocrx_word' id='word_1_102' title='bbox 626 2455 686 2523; x_wconf 91' lang='lat' dir='ltr'><strong>est</strong></span> <span class='ocrx_word' id='word_1_103' title='bbox 717 2447 864 2568; x_wconf 27' lang='lat' dir='ltr'><strong>leslde</strong></span> <span class='ocrx_word' id='word_1_104' title='bbox 886 2443 1086 2549; x_wconf 85' lang='lat' dir='ltr'><strong>majestate</strong></span> <span class='ocrx_word' id='word_1_105' title='bbox 1109 2449 1288 2526; x_wconf 86' lang='lat' dir='ltr'><strong>adversus</strong></span> 
     </span>
     <span class='ocr_line' id='line_1_15' title="bbox 148 2565 1287 2668; baseline -0.004 -23"><span class='ocrx_word' id='word_1_106' title='bbox 148 2593 238 2664; x_wconf 90' lang='lat' dir='ltr'><strong>eos,</strong></span> <span class='ocrx_word' id='word_1_107' title='bbox 264 2592 431 2668; x_wconf 91' lang='lat' dir='ltr'><strong>quorum</strong></span> <span class='ocrx_word' id='word_1_108' title='bbox 456 2591 573 2666; x_wconf 90' lang='lat' dir='ltr'><strong>opera</strong></span> <span class='ocrx_word' id='word_1_109' title='bbox 599 2565 806 2643; x_wconf 81' lang='lat' dir='ltr'><strong>corrsiliove</strong></span> <span class='ocrx_word' id='word_1_110' title='bbox 830 2568 925 2642; x_wconf 86' lang='lat' dir='ltr'><strong>socii</strong></span> <span class='ocrx_word' id='word_1_111' title='bbox 942 2566 1064 2640; x_wconf 87' lang='lat' dir='ltr'><strong>Italici</strong></span> <span class='ocrx_word' id='word_1_112' title='bbox 1082 2588 1189 2641; x_wconf 83' lang='lat' dir='ltr'><strong>arma</strong></span> <span class='ocrx_word' id='word_1_113' title='bbox 1205 2590 1287 2641; x_wconf 90' lang='lat' dir='ltr'><strong>oon·</strong></span> 
     </span>
    </p>
   </div>
   <div class='ocr_carea' id='block_1_5' title="bbox 148 2683 1283 2791">
    <p class='ocr_par' dir='ltr' id='par_1_6' title="bbox 148 2683 1283 2791">
     <span class='ocr_line' id='line_1_16' title="bbox 148 2683 1283 2791; baseline -0.004 -27"><span class='ocrx_word' id='word_1_114' title='bbox 148 2695 207 2764; x_wconf 88' lang='lat' dir='ltr'><strong>tra</strong></span> <span class='ocrx_word' id='word_1_115' title='bbox 246 2687 436 2791; x_wconf 90' lang='lat' dir='ltr'><strong>populum</strong></span> <span class='ocrx_word' id='word_1_116' title='bbox 470 2686 685 2761; x_wconf 87' lang='lat' dir='ltr'><strong>Romanum</strong></span> <span class='ocrx_word' id='word_1_117' title='bbox 725 2686 995 2785; x_wconf 85' lang='lat' dir='ltr'><strong>sumpsissent,</strong></span> <span class='ocrx_word' id='word_1_118' title='bbox 1028 2711 1069 2762; x_wconf 82' lang='lat' dir='ltr'><strong>r.</strong></span> <span class='ocrx_word' id='word_1_119' title='bbox 1101 2683 1283 2761; x_wconf 87' lang='lat' dir='ltr'><strong>lleineceii</strong></span> 
     </span>
    </p>
   </div>
   <div class='ocr_carea' id='block_1_6' title="bbox 146 2803 1282 3137">
    <p class='ocr_par' dir='ltr' id='par_1_7' title="bbox 146 2803 1282 3137">
     <span class='ocr_line' id='line_1_17' title="bbox 146 2803 1282 2907; baseline -0.002 -24"><span class='ocrx_word' id='word_1_120' title='bbox 146 2806 273 2906; x_wconf 80' lang='lat' dir='ltr'><strong>Antiq.</strong></span> <span class='ocrx_word' id='word_1_121' title='bbox 289 2804 313 2883; x_wconf 86' lang='lat' dir='ltr'>J</span> <span class='ocrx_word' id='word_1_122' title='bbox 315 2807 450 2907; x_wconf 85' lang='lat' dir='ltr'><strong>urispr.</strong></span> <span class='ocrx_word' id='word_1_123' title='bbox 467 2805 513 2879; x_wconf 83' lang='lat' dir='ltr'><strong>R.</strong></span> <span class='ocrx_word' id='word_1_124' title='bbox 529 2804 636 2879; x_wconf 88' lang='lat' dir='ltr'><strong>Libr.</strong></span> <span class='ocrx_word' id='word_1_125' title='bbox 652 2803 720 2879; x_wconf 86' lang='lat' dir='ltr'><strong>IV.</strong></span> <span class='ocrx_word' id='word_1_126' title='bbox 736 2805 815 2879; x_wconf 82' lang='lat' dir='ltr'><strong>Tit.</strong></span> <span class='ocrx_word' id='word_1_127' title='bbox 829 2808 890 2880; x_wconf 88' lang='lat'><strong>18.</strong></span> <span class='ocrx_word' id='word_1_128' title='bbox 907 2806 1011 2895; x_wconf 56' lang='lat' dir='ltr'><strong>§.lb</strong></span> <span class='ocrx_word' id='word_1_129' title='bbox 1035 2805 1169 2904; x_wconf 81' lang='lat' dir='ltr'><strong>ibique</strong></span> <span class='ocrx_word' id='word_1_130' title='bbox 1191 2806 1282 2881; x_wconf 85' lang='lat' dir='ltr'><strong>litu·</strong></span> 
     </span>
     <span class='ocr_line' id='line_1_18' title="bbox 147 2925 1278 3027; baseline -0.003 -27"><span class='ocrx_word' id='word_1_131' title='bbox 147 2925 252 3001; x_wconf 87' lang='lat' dir='ltr'><strong>bold.</strong></span> <span class='ocrx_word' id='word_1_132' title='bbox 277 2952 318 3026; x_wconf 91' lang='lat' dir='ltr'><strong>p.</strong></span> <span class='ocrx_word' id='word_1_133' title='bbox 336 2927 446 3000; x_wconf 76' lang='lat' dir='ltr'><strong>rte:</strong></span> <span class='ocrx_word' id='word_1_134' title='bbox 488 2948 566 3023; x_wconf 87' lang='lat' dir='ltr'><strong>qua</strong></span> <span class='ocrx_word' id='word_1_135' title='bbox 597 2925 682 3024; x_wconf 87' lang='lat' dir='ltr'><strong>lege</strong></span> <span class='ocrx_word' id='word_1_136' title='bbox 713 2931 861 3025; x_wconf 89' lang='lat' dir='ltr'><strong>postea.</strong></span> <span class='ocrx_word' id='word_1_137' title='bbox 881 2925 967 3027; x_wconf 91' lang='lat' dir='ltr'><strong>ipse</strong></span> <span class='ocrx_word' id='word_1_138' title='bbox 1000 2925 1197 2999; x_wconf 85' lang='lat' dir='ltr'><strong>damnatus</strong></span> <span class='ocrx_word' id='word_1_139' title='bbox 1221 2928 1278 3014; x_wconf 87' lang='lat' dir='ltr'><strong>est,</strong></span> 
     </span>
     <span class='ocr_line' id='line_1_19' title="bbox 146 3038 1278 3137; baseline -0.004 -18"><span class='ocrx_word' id='word_1_140' title='bbox 146 3051 243 3119; x_wconf 86' lang='lat' dir='ltr'><strong>teste</strong></span> <span class='ocrx_word' id='word_1_141' title='bbox 263 3043 445 3118; x_wconf 87' lang='lat' dir='ltr'><strong>Cicerone</strong></span> <span class='ocrx_word' id='word_1_142' title='bbox 469 3042 512 3117; x_wconf 92' lang='lat' dir='ltr'><strong>in</strong></span> <span class='ocrx_word' id='word_1_143' title='bbox 535 3042 644 3119; x_wconf 87' lang='lat' dir='ltr'><strong>Brut.</strong></span> <span class='ocrx_word' id='word_1_144' title='bbox 661 3066 696 3118; x_wconf 87' lang='lat' dir='ltr'><strong>e.</strong></span> <span class='ocrx_word' id='word_1_145' title='bbox 712 3043 777 3119; x_wconf 82' lang='lat'><strong>89.</strong></span> <span class='ocrx_word' id='word_1_146' title='bbox 793 3053 825 3137; x_wconf 70' lang='lat' dir='ltr'><strong>t.</strong></span> <span class='ocrx_word' id='word_1_147' title='bbox 842 3047 881 3121; x_wconf 83' lang='lat'><strong>7.</strong></span> <span class='ocrx_word' id='word_1_148' title='bbox 906 3044 1087 3119; x_wconf 73' lang='grc'><strong>61662.</strong></span> <span class='ocrx_word' id='word_1_149' title='bbox 1110 3046 1198 3136; x_wconf 71' lang='lat'><strong>§.2</strong></span> <span class='ocrx_word' id='word_1_150' title='bbox 1218 3038 1278 3116; x_wconf 88' lang='lat' dir='ltr'><strong>ibi·</strong></span> 
     </span>
    </p>
   </div>
   <div class='ocr_carea' id='block_1_7' title="bbox 307 3236 1331 3485">
    <p class='ocr_par' dir='ltr' id='par_1_8' title="bbox 307 3236 1331 3485">
     <span class='ocr_line' id='line_1_20' title="bbox 307 3236 1331 3398; baseline -0.003 -17"><span class='ocrx_word' id='word_1_151' title='bbox 307 3316 403 3381; x_wconf 77' lang='lat' dir='ltr'><strong>Alter</strong></span> <span class='ocrx_word' id='word_1_152' title='bbox 421 3313 522 3398; x_wconf 82' lang='lat' dir='ltr'><strong>Atys,</strong></span> <span class='ocrx_word' id='word_1_153' title='bbox 541 3339 637 3396; x_wconf 75' lang='lat' dir='ltr'><strong>grass</strong></span> <span class='ocrx_word' id='word_1_154' title='bbox 656 3311 736 3379; x_wconf 70' lang='lat' dir='ltr'><strong>oudo</strong></span> <span class='ocrx_word' id='word_1_155' title='bbox 755 3312 829 3379; x_wconf 82' lang='lat' dir='ltr'><strong>Atii</strong></span> <span class='ocrx_word' id='word_1_156' title='bbox 849 3262 968 3379; x_wconf 68' lang='lat' dir='ltr'><strong>duam</strong></span> <span class='ocrx_word' id='word_1_157' title='bbox 986 3313 1103 3394; x_wconf 75' lang='lat' dir='ltr'><strong>Latini,</strong></span> <span class='ocrx_word' id='word_1_158' title='bbox 1322 3236 1331 3343; x_wconf 68' lang='lat' dir='ltr'><strong>i</strong></span> 
     </span>
     <span class='ocr_line' id='line_1_21' title="bbox 309 3402 1074 3485; baseline -0.001 -21"><span class='ocrx_word' id='word_1_159' title='bbox 309 3405 429 3466; x_wconf 69' lang='lat' dir='ltr'><strong>Pwvus</strong></span> <span class='ocrx_word' id='word_1_160' title='bbox 448 3406 550 3485; x_wconf 81' lang='lat' dir='ltr'><strong>Atys,</strong></span> <span class='ocrx_word' id='word_1_161' title='bbox 573 3425 727 3485; x_wconf 73' lang='lat' dir='ltr'><strong>pueroque</strong></span> <span class='ocrx_word' id='word_1_162' title='bbox 739 3426 821 3481; x_wconf 75' lang='lat' dir='ltr'><strong>puer</strong></span> <span class='ocrx_word' id='word_1_163' title='bbox 840 3403 963 3466; x_wconf 66' lang='lat' dir='ltr'><strong>diluam</strong></span> <span class='ocrx_word' id='word_1_164' title='bbox 984 3402 1074 3464; x_wconf 78' lang='lat' dir='ltr'><strong>Iulos</strong></span> 
     </span>
    </p>
   </div>
   <div class='ocr_carea' id='block_1_8' title="bbox 142 3498 1293 4867">
    <p class='ocr_par' dir='ltr' id='par_1_9' title="bbox 142 3498 1293 4867">
     <span class='ocr_line' id='line_1_22' title="bbox 145 3498 1281 3583; baseline -0.001 -17"><span class='ocrx_word' id='word_1_165' title='bbox 145 3528 203 3583; x_wconf 85' lang='lat' dir='ltr'><strong>quo</strong></span> <span class='ocrx_word' id='word_1_166' title='bbox 223 3507 254 3566; x_wconf 89' lang='lat' dir='ltr'><strong>iu</strong></span> <span class='ocrx_word' id='word_1_167' title='bbox 281 3508 346 3568; x_wconf 82' lang='lat' dir='ltr'><strong>loeo</strong></span> <span class='ocrx_word' id='word_1_168' title='bbox 374 3527 430 3568; x_wconf 90' lang='lat' dir='ltr'><strong>nou</strong></span> <span class='ocrx_word' id='word_1_169' title='bbox 460 3527 600 3582; x_wconf 78' lang='lat' dir='ltr'><strong>assequor</strong></span> <span class='ocrx_word' id='word_1_170' title='bbox 626 3506 698 3583; x_wconf 86' lang='lat' dir='ltr'><strong>quid</strong></span> <span class='ocrx_word' id='word_1_171' title='bbox 716 3507 773 3567; x_wconf 83' lang='lat' dir='ltr'><strong>sibi</strong></span> <span class='ocrx_word' id='word_1_172' title='bbox 797 3507 923 3567; x_wconf 83' lang='lat' dir='ltr'><strong>voluerit</strong></span> <span class='ocrx_word' id='word_1_173' title='bbox 952 3502 1088 3583; x_wconf 82' lang='lat' dir='ltr'><strong>lleynius</strong></span> <span class='ocrx_word' id='word_1_174' title='bbox 1108 3505 1141 3564; x_wconf 92' lang='grc'><strong>16</strong></span> <span class='ocrx_word' id='word_1_175' title='bbox 1159 3500 1199 3566; x_wconf 79' lang='lat' dir='ltr'><strong>N.</strong></span> <span class='ocrx_word' id='word_1_176' title='bbox 1218 3498 1281 3579; x_wconf 64' lang='lat' dir='ltr'><strong>ort,-</strong></span> 
     </span>
     <span class='ocr_line' id='line_1_23' title="bbox 145 3588 1284 3669; baseline -0.003 -17"><span class='ocrx_word' id='word_1_177' title='bbox 145 3593 193 3652; x_wconf 84' lang='lat' dir='ltr'><strong>tie.</strong></span> <span class='ocrx_word' id='word_1_178' title='bbox 229 3594 375 3668; x_wconf 80' lang='lat' dir='ltr'><strong>scribens,</strong></span> <span class='ocrx_word' id='word_1_179' title='bbox 421 3593 636 3669; x_wconf 78' lang='lat' dir='ltr'><strong>praeferendam</strong></span> <span class='ocrx_word' id='word_1_180' title='bbox 673 3593 730 3653; x_wconf 84' lang='lat' dir='ltr'><strong>sibi</strong></span> <span class='ocrx_word' id='word_1_181' title='bbox 762 3592 855 3653; x_wconf 83' lang='lat' dir='ltr'><strong>rideri</strong></span> <span class='ocrx_word' id='word_1_182' title='bbox 886 3593 1039 3652; x_wconf 83' lang='lat' dir='ltr'><strong>lectionem</strong></span> <span class='ocrx_word' id='word_1_183' title='bbox 1069 3588 1180 3653; x_wconf 76' lang='lat' dir='ltr'><strong>(ioddt</strong></span> <span class='ocrx_word' id='word_1_184' title='bbox 1215 3588 1284 3662; x_wconf 75' lang='lat' dir='ltr'><strong>Aa,</strong></span> 
     </span>
     <span class='ocr_line' id='line_1_24' title="bbox 145 3671 1288 3754; baseline -0.002 -17"><span class='ocrx_word' id='word_1_185' title='bbox 145 3696 185 3737; x_wconf 82' lang='lat' dir='ltr'><strong>ex</strong></span> <span class='ocrx_word' id='word_1_186' title='bbox 205 3689 302 3739; x_wconf 79' lang='lat' dir='ltr'><strong>vetere</strong></span> <span class='ocrx_word' id='word_1_187' title='bbox 323 3697 420 3738; x_wconf 80' lang='lat' dir='ltr'><strong>mores</strong></span> <span class='ocrx_word' id='word_1_188' title='bbox 451 3681 501 3754; x_wconf 86' lang='lat' dir='ltr'><strong>qui</strong></span> <span class='ocrx_word' id='word_1_189' title='bbox 531 3689 627 3738; x_wconf 80' lang='lat' dir='ltr'><strong>tumen</strong></span> <span class='ocrx_word' id='word_1_190' title='bbox 654 3680 693 3738; x_wconf 90' lang='lat' dir='ltr'><strong>sit</strong></span> <span class='ocrx_word' id='word_1_191' title='bbox 712 3679 768 3739; x_wconf 85' lang='grc'><strong>1116</strong></span> <span class='ocrx_word' id='word_1_192' title='bbox 787 3697 852 3738; x_wconf 84' lang='lat' dir='ltr'><strong>mos</strong></span> <span class='ocrx_word' id='word_1_193' title='bbox 873 3687 975 3754; x_wconf 78' lang='lat' dir='ltr'><strong>retus,</strong></span> <span class='ocrx_word' id='word_1_194' title='bbox 1014 3675 1106 3737; x_wconf 73' lang='lat' dir='ltr'><strong>fateor</strong></span> <span class='ocrx_word' id='word_1_195' title='bbox 1126 3696 1191 3736; x_wconf 83' lang='lat' dir='ltr'><strong>cuns</strong></span> <span class='ocrx_word' id='word_1_196' title='bbox 1211 3671 1288 3735; x_wconf 75' lang='lat' dir='ltr'><strong>Pha.</strong></span> 
     </span>
     <span class='ocr_line' id='line_1_25' title="bbox 144 3757 1290 3841; baseline 0.002 -21"><span class='ocrx_word' id='word_1_197' title='bbox 144 3757 298 3840; x_wconf 78' lang='lat' dir='ltr'><strong>ngsero</strong></span> <span class='ocrx_word' id='word_1_198' title='bbox 320 3766 510 3825; x_wconf 75' lang='grc'><strong>6666666166.</strong></span> <span class='ocrx_word' id='word_1_199' title='bbox 553 3760 704 3841; x_wconf 84' lang='lat' dir='ltr'><strong>Virgilius</strong></span> <span class='ocrx_word' id='word_1_200' title='bbox 735 3776 835 3841; x_wconf 79' lang='lat' dir='ltr'><strong>aperte</strong></span> <span class='ocrx_word' id='word_1_201' title='bbox 864 3762 912 3824; x_wconf 82' lang='lat' dir='ltr'><strong>bie</strong></span> <span class='ocrx_word' id='word_1_202' title='bbox 940 3764 1031 3823; x_wconf 80' lang='lat' dir='ltr'><strong>voluit</strong></span> <span class='ocrx_word' id='word_1_203' title='bbox 1052 3763 1200 3822; x_wconf 77' lang='lat' dir='ltr'><strong>illustrare</strong></span> <span class='ocrx_word' id='word_1_204' title='bbox 1217 3781 1290 3837; x_wconf 70' lang='lat' dir='ltr'><strong>ger</strong></span> 
     </span>
     <span class='ocr_line' id='line_1_26' title="bbox 143 3847 1293 3928; baseline 0.001 -22"><span class='ocrx_word' id='word_1_205' title='bbox 143 3860 200 3906; x_wconf 79' lang='lat' dir='ltr'><strong>test</strong></span> <span class='ocrx_word' id='word_1_206' title='bbox 229 3848 355 3924; x_wconf 73' lang='lat' dir='ltr'><strong>Attum,</strong></span> <span class='ocrx_word' id='word_1_207' title='bbox 387 3848 425 3908; x_wconf 89' lang='lat' dir='ltr'><strong>sd</strong></span> <span class='ocrx_word' id='word_1_208' title='bbox 452 3870 539 3924; x_wconf 84' lang='lat' dir='ltr'><strong>qusnr</strong></span> <span class='ocrx_word' id='word_1_209' title='bbox 570 3847 679 3911; x_wconf 81' lang='lat' dir='ltr'><strong>Caesar</strong></span> <span class='ocrx_word' id='word_1_210' title='bbox 707 3848 862 3928; x_wconf 80' lang='lat' dir='ltr'><strong>Augustus</strong></span> <span class='ocrx_word' id='word_1_211' title='bbox 891 3869 944 3925; x_wconf 85' lang='lat' dir='ltr'><strong>per</strong></span> <span class='ocrx_word' id='word_1_212' title='bbox 972 3859 1093 3908; x_wconf 84' lang='lat' dir='ltr'><strong>matrem</strong></span> <span class='ocrx_word' id='word_1_213' title='bbox 1120 3848 1293 3923; x_wconf 74' lang='lat' dir='ltr'><strong>pertinebst,</strong></span> 
     </span>
     <span class='ocr_line' id='line_1_27' title="bbox 143 3933 1293 4010; baseline 0 -17"><span class='ocrx_word' id='word_1_214' title='bbox 143 3933 281 4010; x_wconf 83' lang='lat' dir='ltr'><strong>illiusque</strong></span> <span class='ocrx_word' id='word_1_215' title='bbox 303 3936 498 4008; x_wconf 83' lang='lat' dir='ltr'><strong>antiquitatem</strong></span> <span class='ocrx_word' id='word_1_216' title='bbox 517 3938 593 3995; x_wconf 84' lang='lat' dir='ltr'><strong>tueri</strong></span> <span class='ocrx_word' id='word_1_217' title='bbox 613 3946 712 3996; x_wconf 81' lang='lat' dir='ltr'><strong>contra</strong></span> <span class='ocrx_word' id='word_1_218' title='bbox 729 3935 777 3997; x_wconf 90' lang='grc' dir='ltr'><strong>Μ.</strong></span> <span class='ocrx_word' id='word_1_219' title='bbox 792 3934 916 3996; x_wconf 80' lang='lat' dir='ltr'><strong>Antonii</strong></span> <span class='ocrx_word' id='word_1_220' title='bbox 931 3936 1082 4009; x_wconf 83' lang='lat' dir='ltr'><strong>opprobria</strong></span> <span class='ocrx_word' id='word_1_221' title='bbox 1102 3942 1133 3994; x_wconf 79' lang='lat' dir='ltr'><strong>et</strong></span> <span class='ocrx_word' id='word_1_222' title='bbox 1150 3933 1293 3993; x_wconf 65' lang='lat' dir='ltr'><strong>obtrertr</strong></span> 
     </span>
     <span class='ocr_line' id='line_1_28' title="bbox 144 4014 1288 4098; baseline -0.001 -20"><span class='ocrx_word' id='word_1_223' title='bbox 144 4021 246 4080; x_wconf 75' lang='grc'><strong>116666.</strong></span> <span class='ocrx_word' id='word_1_224' title='bbox 291 4014 416 4080; x_wconf 81' lang='lat' dir='ltr'><strong>Proinde</strong></span> <span class='ocrx_word' id='word_1_225' title='bbox 446 4021 528 4080; x_wconf 88' lang='lat' dir='ltr'><strong>illius</strong></span> <span class='ocrx_word' id='word_1_226' title='bbox 555 4023 650 4098; x_wconf 81' lang='lat' dir='ltr'><strong>gentis</strong></span> <span class='ocrx_word' id='word_1_227' title='bbox 678 4023 818 4098; x_wconf 79' lang='lat' dir='ltr'><strong>originem</strong></span> <span class='ocrx_word' id='word_1_228' title='bbox 844 4020 957 4081; x_wconf 80' lang='lat' dir='ltr'><strong>deducit</strong></span> <span class='ocrx_word' id='word_1_229' title='bbox 984 4021 1021 4079; x_wconf 83' lang='lat' dir='ltr'><strong>ab</strong></span> <span class='ocrx_word' id='word_1_230' title='bbox 1041 4017 1128 4097; x_wconf 83' lang='lat' dir='ltr'><strong>Atye</strong></span> <span class='ocrx_word' id='word_1_231' title='bbox 1149 4016 1288 4096; x_wconf 75' lang='lat' dir='ltr'><strong>Phrygio,</strong></span> 
     </span>
     <span class='ocr_line' id='line_1_29' title="bbox 143 4098 1289 4183; baseline 0 -19"><span class='ocrx_word' id='word_1_232' title='bbox 143 4109 226 4177; x_wconf 80' lang='lat' dir='ltr'><strong>ruins</strong></span> <span class='ocrx_word' id='word_1_233' title='bbox 253 4126 359 4166; x_wconf 82' lang='lat' dir='ltr'><strong>nomeu</strong></span> <span class='ocrx_word' id='word_1_234' title='bbox 385 4116 416 4167; x_wconf 88' lang='lat' dir='ltr'><strong>et</strong></span> <span class='ocrx_word' id='word_1_235' title='bbox 442 4107 537 4181; x_wconf 88' lang='lat' dir='ltr'><strong>ipsum</strong></span> <span class='ocrx_word' id='word_1_236' title='bbox 558 4109 685 4166; x_wconf 74' lang='lat' dir='ltr'><strong>variuur</strong></span> <span class='ocrx_word' id='word_1_237' title='bbox 704 4118 734 4166; x_wconf 90' lang='lat' dir='ltr'><strong>et</strong></span> <span class='ocrx_word' id='word_1_238' title='bbox 759 4101 874 4183; x_wconf 77' lang='grc' dir='ltr'><em>Ἄττις,</em></span> <span class='ocrx_word' id='word_1_239' title='bbox 897 4101 1021 4181; x_wconf 65' lang='lat' dir='ltr'><strong>iisset,</strong></span> <span class='ocrx_word' id='word_1_240' title='bbox 1040 4099 1147 4176; x_wconf 78' lang='grc' dir='ltr'><strong><em>Ἄτυς,</em></strong></span> <span class='ocrx_word' id='word_1_241' title='bbox 1170 4098 1289 4181; x_wconf 75' lang='grc' dir='ltr'><em>Ἄττης,</em></span> 
     </span>
     <span class='ocr_line' id='line_1_30' title="bbox 142 4189 1287 4272; baseline 0 -23"><span class='ocrx_word' id='word_1_242' title='bbox 142 4190 249 4267; x_wconf 76' lang='lat' dir='ltr'><strong>Aua,</strong></span> <span class='ocrx_word' id='word_1_243' title='bbox 271 4189 399 4267; x_wconf 71' lang='lat' dir='ltr'><strong>Atthis,</strong></span> <span class='ocrx_word' id='word_1_244' title='bbox 419 4193 503 4272; x_wconf 81' lang='lat' dir='ltr'><strong>Atys</strong></span> <span class='ocrx_word' id='word_1_245' title='bbox 523 4204 675 4252; x_wconf 85' lang='lat' dir='ltr'><strong>exsrstum</strong></span> <span class='ocrx_word' id='word_1_246' title='bbox 694 4195 853 4263; x_wconf 82' lang='lat' dir='ltr'><strong>investitur,</strong></span> <span class='ocrx_word' id='word_1_247' title='bbox 876 4203 909 4252; x_wconf 91' lang='lat' dir='ltr'><strong>ut</strong></span> <span class='ocrx_word' id='word_1_248' title='bbox 931 4190 1114 4251; x_wconf 81' lang='lat' dir='ltr'><strong>ostenderunt</strong></span> <span class='ocrx_word' id='word_1_249' title='bbox 1135 4190 1287 4251; x_wconf 65' lang='lat' dir='ltr'><strong>nmen»</strong></span> 
     </span>
     <span class='ocr_line' id='line_1_31' title="bbox 142 4269 1283 4353; baseline 0.003 -21"><span class='ocrx_word' id='word_1_250' title='bbox 142 4271 246 4335; x_wconf 85' lang='lat' dir='ltr'><strong>busius</strong></span> <span class='ocrx_word' id='word_1_251' title='bbox 271 4277 307 4336; x_wconf 88' lang='lat' dir='ltr'><strong>sd</strong></span> <span class='ocrx_word' id='word_1_252' title='bbox 336 4277 458 4338; x_wconf 84' lang='lat' dir='ltr'><strong>Lucisui</strong></span> <span class='ocrx_word' id='word_1_253' title='bbox 487 4277 567 4338; x_wconf 82' lang='lat' dir='ltr'><strong>Diui.</strong></span> <span class='ocrx_word' id='word_1_254' title='bbox 589 4278 682 4339; x_wconf 85' lang='lat' dir='ltr'><strong>Deor.</strong></span> <span class='ocrx_word' id='word_1_255' title='bbox 698 4276 772 4337; x_wconf 89' lang='lat' dir='ltr'><strong>Xll.</strong></span> <span class='ocrx_word' id='word_1_256' title='bbox 795 4277 883 4338; x_wconf 89' lang='lat' dir='ltr'><strong>Torn.</strong></span> <span class='ocrx_word' id='word_1_257' title='bbox 900 4276 942 4338; x_wconf 95' lang='lat' dir='ltr'><strong>ll.</strong></span> <span class='ocrx_word' id='word_1_258' title='bbox 965 4300 993 4353; x_wconf 89' lang='lat' dir='ltr'><strong>p.</strong></span> <span class='ocrx_word' id='word_1_259' title='bbox 1011 4284 1083 4339; x_wconf 68' lang='lat'><strong>283.</strong></span> <span class='ocrx_word' id='word_1_260' title='bbox 1106 4272 1178 4352; x_wconf 88' lang='lat' dir='ltr'><strong>Bip.</strong></span> <span class='ocrx_word' id='word_1_261' title='bbox 1200 4287 1232 4336; x_wconf 87' lang='lat' dir='ltr'><strong>et</strong></span> <span class='ocrx_word' id='word_1_262' title='bbox 1251 4269 1283 4335; x_wconf 79' lang='grc' dir='ltr'><strong>Ν.</strong></span> 
     </span>
     <span class='ocr_line' id='line_1_32' title="bbox 142 4354 1284 4425; baseline 0.003 -7"><span class='ocrx_word' id='word_1_263' title='bbox 142 4354 282 4421; x_wconf 75' lang='lat' dir='ltr'><strong>Heinsius</strong></span> <span class='ocrx_word' id='word_1_264' title='bbox 308 4361 345 4420; x_wconf 84' lang='lat' dir='ltr'><strong>ad</strong></span> <span class='ocrx_word' id='word_1_265' title='bbox 374 4360 476 4423; x_wconf 81' lang='lat' dir='ltr'><strong>Ovidii</strong></span> <span class='ocrx_word' id='word_1_266' title='bbox 496 4362 576 4423; x_wconf 85' lang='lat' dir='ltr'><strong>Fast.</strong></span> <span class='ocrx_word' id='word_1_267' title='bbox 590 4361 675 4423; x_wconf 89' lang='lat' dir='ltr'><strong>Libr.</strong></span> <span class='ocrx_word' id='word_1_268' title='bbox 691 4360 749 4424; x_wconf 86' lang='lat' dir='ltr'><strong>lv.</strong></span> <span class='ocrx_word' id='word_1_269' title='bbox 771 4370 887 4425; x_wconf 66' lang='lat' dir='ltr'><strong>um.</strong></span> <span class='ocrx_word' id='word_1_270' title='bbox 942 4361 1090 4424; x_wconf 82' lang='lat' dir='ltr'><strong>Utr&#39;ururis</strong></span> <span class='ocrx_word' id='word_1_271' title='bbox 1117 4361 1156 4422; x_wconf 83' lang='lat' dir='ltr'><strong>de</strong></span> <span class='ocrx_word' id='word_1_272' title='bbox 1183 4362 1284 4422; x_wconf 81' lang='lat' dir='ltr'><strong>utrius·</strong></span> 
     </span>
     <span class='ocr_line' id='line_1_33' title="bbox 143 4447 1285 4526; baseline 0.007 -25"><span class='ocrx_word' id='word_1_273' title='bbox 143 4464 202 4518; x_wconf 85' lang='lat' dir='ltr'><strong>que</strong></span> <span class='ocrx_word' id='word_1_274' title='bbox 229 4447 353 4506; x_wconf 80' lang='lat' dir='ltr'><strong>nominis</strong></span> <span class='ocrx_word' id='word_1_275' title='bbox 383 4451 524 4521; x_wconf 81' lang='lat' dir='ltr'><strong>scripture</strong></span> <span class='ocrx_word' id='word_1_276' title='bbox 556 4452 710 4525; x_wconf 75' lang='lat' dir='ltr'><strong>statuitur,</strong></span> <span class='ocrx_word' id='word_1_277' title='bbox 741 4449 773 4507; x_wconf 91' lang='lat' dir='ltr'><strong>id</strong></span> <span class='ocrx_word' id='word_1_278' title='bbox 800 4469 870 4509; x_wconf 84' lang='lat' dir='ltr'><strong>saus</strong></span> <span class='ocrx_word' id='word_1_279' title='bbox 888 4449 1007 4526; x_wconf 85' lang='lat' dir='ltr'><strong>planam</strong></span> <span class='ocrx_word' id='word_1_280' title='bbox 1036 4458 1098 4519; x_wconf 80' lang='lat' dir='ltr'><strong>est,</strong></span> <span class='ocrx_word' id='word_1_281' title='bbox 1139 4449 1285 4509; x_wconf 74' lang='lat' dir='ltr'><strong>lertiosets</strong></span> 
     </span>
     <span class='ocr_line' id='line_1_34' title="bbox 142 4529 1284 4610; baseline 0.005 -22"><span class='ocrx_word' id='word_1_282' title='bbox 142 4530 227 4588; x_wconf 87' lang='lat' dir='ltr'><strong>unice</strong></span> <span class='ocrx_word' id='word_1_283' title='bbox 246 4550 343 4589; x_wconf 84' lang='lat' dir='ltr'><strong>reram</strong></span> <span class='ocrx_word' id='word_1_284' title='bbox 366 4550 412 4607; x_wconf 89' lang='lat' dir='ltr'><strong>sp.</strong></span> <span class='ocrx_word' id='word_1_285' title='bbox 427 4529 588 4610; x_wconf 80' lang='lat' dir='ltr'><strong>Virgilium</strong></span> <span class='ocrx_word' id='word_1_286' title='bbox 609 4554 675 4595; x_wconf 82' lang='lat' dir='ltr'><strong>esse</strong></span> <span class='ocrx_word' id='word_1_287' title='bbox 694 4531 785 4608; x_wconf 77' lang='lat' dir='ltr'><strong>Atii,</strong></span> <span class='ocrx_word' id='word_1_288' title='bbox 821 4544 851 4594; x_wconf 85' lang='lat' dir='ltr'><strong>et</strong></span> <span class='ocrx_word' id='word_1_289' title='bbox 878 4547 998 4596; x_wconf 78' lang='lat' dir='ltr'><strong>mtrem</strong></span> <span class='ocrx_word' id='word_1_290' title='bbox 1018 4533 1205 4608; x_wconf 78' lang='lat' dir='ltr'><strong>lmpsrstoris</strong></span> <span class='ocrx_word' id='word_1_291' title='bbox 1225 4531 1284 4593; x_wconf 76' lang='lat' dir='ltr'><strong>An·</strong></span> 
     </span>
     <span class='ocr_line' id='line_1_35' title="bbox 142 4614 1286 4697; baseline 0.006 -24"><span class='ocrx_word' id='word_1_292' title='bbox 142 4616 220 4690; x_wconf 77' lang='lat' dir='ltr'><strong>gusti</strong></span> <span class='ocrx_word' id='word_1_293' title='bbox 241 4614 368 4691; x_wconf 72' lang='lat' dir='ltr'><strong>Atiam,</strong></span> <span class='ocrx_word' id='word_1_294' title='bbox 398 4638 456 4677; x_wconf 88' lang='lat' dir='ltr'><strong>uon</strong></span> <span class='ocrx_word' id='word_1_295' title='bbox 476 4618 596 4680; x_wconf 81' lang='lat' dir='ltr'><strong>Attium</strong></span> <span class='ocrx_word' id='word_1_296' title='bbox 617 4640 683 4680; x_wconf 75' lang='lat' dir='ltr'><strong>esse</strong></span> <span class='ocrx_word' id='word_1_297' title='bbox 703 4621 891 4697; x_wconf 80' lang='lat' dir='ltr'><strong>appellatam,</strong></span> <span class='ocrx_word' id='word_1_298' title='bbox 920 4622 989 4681; x_wconf 80' lang='lat' dir='ltr'><strong>lieet</strong></span> <span class='ocrx_word' id='word_1_299' title='bbox 1009 4621 1046 4680; x_wconf 81' lang='lat' dir='ltr'><strong>ab</strong></span> <span class='ocrx_word' id='word_1_300' title='bbox 1068 4617 1164 4679; x_wconf 79' lang='lat' dir='ltr'><strong>llioss</strong></span> <span class='ocrx_word' id='word_1_301' title='bbox 1185 4616 1286 4680; x_wconf 71' lang='lat' dir='ltr'><strong>(insit</strong></span> 
     </span>
     <span class='ocr_line' id='line_1_36' title="bbox 142 4695 1287 4769; baseline 0.009 -10"><span class='ocrx_word' id='word_1_302' title='bbox 142 4695 227 4759; x_wconf 83' lang='lat' dir='ltr'><strong>Libr.</strong></span> <span class='ocrx_word' id='word_1_303' title='bbox 243 4697 350 4761; x_wconf 80' lang='lat' dir='ltr'><strong>XLV.</strong></span> <span class='ocrx_word' id='word_1_304' title='bbox 371 4721 397 4762; x_wconf 86' lang='lat' dir='ltr'><strong>r.</strong></span> <span class='ocrx_word' id='word_1_305' title='bbox 415 4708 445 4763; x_wconf 92' lang='lat'><strong>1.</strong></span> <span class='ocrx_word' id='word_1_306' title='bbox 471 4697 574 4763; x_wconf 77' lang='lat' dir='ltr'><strong>’Assia</strong></span> <span class='ocrx_word' id='word_1_307' title='bbox 602 4708 783 4767; x_wconf 76' lang='lat' dir='ltr'><strong>nomineturt</strong></span> <span class='ocrx_word' id='word_1_308' title='bbox 818 4707 858 4768; x_wconf 79' lang='lat' dir='ltr'><strong>ci.</strong></span> <span class='ocrx_word' id='word_1_309' title='bbox 880 4705 1055 4769; x_wconf 76' lang='lat' dir='ltr'><strong>Garatonius</strong></span> <span class='ocrx_word' id='word_1_310' title='bbox 1079 4703 1118 4766; x_wconf 85' lang='lat' dir='ltr'><strong>ad</strong></span> <span class='ocrx_word' id='word_1_311' title='bbox 1139 4702 1287 4768; x_wconf 72' lang='lat' dir='ltr'><strong>Gtoem&#39;s</strong></span> 
     </span>
     <span class='ocr_line' id='line_1_37' title="bbox 143 4781 1017 4867; baseline 0.016 -24"><span class='ocrx_word' id='word_1_312' title='bbox 143 4781 272 4865; x_wconf 71' lang='lat' dir='ltr'><strong>Philipp.</strong></span> <span class='ocrx_word' id='word_1_313' title='bbox 284 4784 342 4849; x_wconf 77' lang='lat' dir='ltr'><strong>ms</strong></span> <span class='ocrx_word' id='word_1_314' title='bbox 365 4805 390 4848; x_wconf 71' lang='lat'><strong>0·</strong></span> <span class='ocrx_word' id='word_1_315' title='bbox 403 4792 434 4849; x_wconf 78' lang='lat'><strong>6·</strong></span> <span class='ocrx_word' id='word_1_316' title='bbox 452 4785 528 4849; x_wconf 76' lang='lat' dir='ltr'><strong>vol·</strong></span> <span class='ocrx_word' id='word_1_317' title='bbox 541 4787 582 4850; x_wconf 74' lang='lat' dir='ltr'><strong>ll·</strong></span> <span class='ocrx_word' id='word_1_318' title='bbox 603 4811 634 4867; x_wconf 68' lang='lat' dir='ltr'><strong>ps</strong></span> <span class='ocrx_word' id='word_1_319' title='bbox 650 4798 703 4854; x_wconf 75' lang='lat'><strong>20·</strong></span> <span class='ocrx_word' id='word_1_320' title='bbox 718 4789 809 4854; x_wconf 75' lang='lat' dir='ltr'><strong>ths·</strong></span> <span class='ocrx_word' id='word_1_321' title='bbox 1010 4793 1017 4806; x_wconf 91' lang='lat'><strong>·</strong></span> 
     </span>
    </p>
   </div>
   <div class='ocr_carea' id='block_1_9' title="bbox 0 0 1340 5294">
    <p class='ocr_par' dir='ltr' id='par_1_10' title="bbox 0 0 1340 5294">
     <span class='ocr_line' id='line_1_38' title="bbox 0 0 1340 5294; baseline 0 2"><span class='ocrx_word' id='word_1_322' title='bbox 0 0 1340 5294; x_wconf 95' lang='lat' dir='ltr'><strong> </strong></span> 
     </span>
    </p>
   </div>
  </div>
 </body>
</html>
