2670 5294
498 290 707 344 excussus
737 292 782 342 u.
1148 271 1215 345 141

68 452 219 543 Verum
251 451 357 529 enim
386 478 483 532 vero
515 458 606 531 sunt
629 451 705 528 alia
728 454 854 531 multo
878 456 1077 556 graviora,
1118 482 1220 559 quae

68 596 270 649 mensim
301 572 519 649 cohibeant.
583 571 759 647 Primmn
793 574 899 649 enim
931 576 1097 676 plurima
1129 602 1218 679 pars

68 690 374 793 fragmentorum
402 694 452 768 ab
485 694 560 769 boe
585 692 713 769 Ovidii
738 688 950 769 Scholiasta
973 695 1218 772 laudatorum

70 812 120 887 de
150 810 230 887 fide
263 818 443 911 suspecta
467 821 546 904 est,
581 818 626 887 ut
650 812 734 911 ipso
761 808 939 887 Osannus
968 814 997 887 1.
1023 838 1057 889 c.
1092 842 1132 915 p.
1154 818 1219 892 67.

69 930 297 1006 confiteturz
338 929 390 1005 of.
423 930 473 1006 D.
506 929 702 1032 Salvagnii
732 930 879 1005 Boessii
920 932 1007 1008 Not.
1048 934 1095 1007 ad
1131 935 1218 1010 Ibin

70 1075 108 1127 v.
122 1052 215 1125 ³01.
265 1048 416 1126 Deinde
441 1051 527 1149 quis
550 1058 631 1125 tam
654 1049 772 1125 hebes
786 1058 864 1143 est,
889 1059 936 1125 ut
959 1052 1032 1126 sibi
1056 1068 1218 1151 persua-

71 1168 160 1243 deat
184 1168 278 1243 istos
300 1192 438 1244 versus
461 1176 598 1269 poetae
624 1192 710 1244 esse
734 1170 807 1243 snb
824 1170 999 1271 Augusto
1016 1167 1218 1247 florentis?

69 1287 166 1361 Mihi
198 1287 455 1386 quidem„si
487 1289 583 1388 quid
615 1289 762 1383 sentio,
802 1290 991 1364 monachi
1018 1287 1219 1391 cujusdam

67 1405 267 1507 ingenium
291 1414 333 1481 et
357 1408 570 1483 docninam
594 1431 729 1508 sapere
754 1407 945 1483 videntem
997 1408 1069 1484 Hie
1085 1411 1220 1485 Battus

69 1524 204 1601 nescio
228 1525 335 1625 quis,
362 1528 395 1603 si
419 1551 602 1605 versuum
625 1528 789 1602 istorum
815 1526 1022 1603 dictionem
1055 1535 1217 1628 spectas,

68 1668 164 1721 vero
195 1652 411 1742 βαπολογεῖς
449 1646 483 1723 εἰ
515 1652 785 1748 argumentum
818 1669 953 1721 eorum
988 1648 1220 1742 consideraS,

68 1771 221 1863 poterat
251 1765 325 1842 iste
349 1766 585 1845 versificator
608 1764 843 1867 ingeniolum
872 1790 986 1840 snum
1011 1765 1219 1866 antiquita-

70 1884 118 1956 tis
153 1882 325 1961 Graecae
355 1886 500 1982 mythis
531 1908 737 1977 exercere,
779 1886 848 1960 sed
881 1885 1061 1960 scribenti
1095 1885 1133 1959 ei
1168 1886 1219 1960 de

69 2000 285 2096 Phoenice,
308 2003 532 2100 Amyntoris
548 2002 640 2096 filio,
666 2004 908 2079 obversatam
924 2028 1007 2080 esse
1026 2028 1075 2078 ex
1091 2002 1219 2079 bibliis

69 2121 187 2195 sacris
210 2120 355 2217 Evam,
379 2146 496 2198 nemo
519 2123 685 2224 negabit.
735 2122 911 2221 Denique
935 2120 1053 2196 Batti
1075 2146 1220 2196 nomon

69 2240 222 2316 videtur
251 2240 431 2317 Romanis
470 2267 626 2343 prorsus
666 2242 890 2316 inusitatunn
921 2240 1055 2316 fuisse.
1123 2240 1219 2315 Per-

69 2350 341 2459 vestigantibus
366 2362 471 2437 enim
502 2362 614 2436 nobis
646 2360 881 2460 antiquitatis
905 2357 1102 2435 Romanae
1132 2383 1221 2433 mo·

69 2486 258 2552 numento
280 2480 410 2554 nullus
434 2481 599 2555 oemurit
622 2481 790 2554 Battus:
815 2479 858 2552 in
875 2502 960 2553 una
984 2485 1135 2552 tanaim
1159 2478 1221 2551 in-

71 2598 280 2697 scriptione
305 2598 444 2673 dubiae
468 2596 558 2673 fidei
583 2623 644 2699 ap.
671 2598 880 2675 Gmtemm
904 2624 944 2697 p.
963 2594 1139 2671 CXXXI.
1160 2598 1221 2671 12.

70 2715 170 2791 AM.
196 2714 383 2794 BATVS
403 2717 556 2819 legitur.
606 2718 658 2791 At
675 2717 783 2792 Bassi
805 2717 964 2792 nomine
984 2716 1081 2789 nihil
1099 2716 1222 2817 magis

71 2834 252 2929 obvium,
292 2841 337 2910 ut
366 2836 430 2915 vei
461 2860 516 2913 ex
546 2836 677 2911 Indice
709 2836 828 2911 Thes.
856 2834 1010 2911 Gmter.
1036 2835 1152 2910 Tom.
1168 2835 1221 2911 Π.

70 2952 111 3029 Ρ.
128 2958 170 3031 2
195 2980 237 3055 p.
252 2952 478 3031 CXXXVII.
506 2954 685 3057 cognosci
707 2962 854 3054 potest=
889 2954 937 3030 of.
964 2954 1221 3054 Glandorpius

70 3074 109 3149 in
135 3071 280 3149 Onom.
305 3100 345 3173 p.
362 3074 455 3149 930.
504 3074 614 3151 Hanc
638 3075 806 3149 nominis
827 3073 1093 3166 insolentiam,
1129 3098 1221 3148 con-

69 3190 243 3293 junctam
274 3216 364 3267 cum
400 3190 550 3269 silentio
583 3194 813 3295 scriptorum
847 3195 898 3268 de
931 3195 1052 3267 Batto
1092 3200 1218 3293 poeta,

68 3336 156 3389 esso
189 3308 350 3412 aiicujus
374 3312 448 3389 hae
471 3313 515 3391 in
548 3336 680 3387 cerusa
712 3311 920 3404 momenti,
957 3333 1008 3385 ne
1041 3308 1219 3386 Osannus

68 3431 255 3533 quidem,
280 3454 414 3531 spero,
438 3429 674 3507 initiabitur.
725 3430 861 3529 ltaque
887 3453 910 3504 a
933 3452 999 3504 me
1013 3428 1221 3528 impetrare

67 3576 150 3627 non
182 3572 361 3649 pomoni,
400 3558 445 3627 ut
478 3548 637 3644 ovidio,
678 3549 761 3625 sine
797 3548 918 3625 Godd.
943 3548 1133 3622 Mstorum
1158 3571 1220 3623 as-

66 3694 208 3762 sensu,
233 3668 349 3743 nnius
372 3666 549 3772 Apudeji,
575 3668 771 3768 scriptoris
796 3666 1050 3743 recentissimi
1074 3674 1116 3740 et
1132 3690 1220 3740 oor-

65 3787 304 3889 ruptissimi,
329 3789 551 3863 auctoritate
573 3787 753 3862 inductus
769 3811 841 3887 pro
858 3789 987 3861 Basso
1015 3784 1220 3860 obtmdam

50 3907 241 3983 amicum
280 3905 397 3981 Batti
431 3906 600 3982 nomine.
670 3906 783 3981 Adde
819 3906 924 4005 quod
963 3904 1136 4003 inprimis
1177 3903 1220 3981 in

70 4024 330 4127 mspioionem
362 4027 520 4101 adducit
544 4021 698 4126 Apuleji
728 4024 880 4117 loesnn,
906 4025 948 4097 in
974 4047 1052 4121 quo
1079 4024 1221 4099 dicitin

69 4146 217 4219 amau
248 4145 323 4220 isto
348 4152 669 4221 commemorabis
705 4166 789 4218 esse
814 4142 855 4215 in
880 4140 986 4217 Varii
1012 4149 1051 4219 et
1075 4142 1219 4218 Cinnae

70 4262 271 4362 manantia
323 4262 372 4337 ld
407 4288 487 4363 quo
517 4271 631 4363 pacto
661 4262 783 4363 possit
812 4261 1006 4337 conciliari
1039 4269 1081 4337 et
1105 4260 1217 4351 effici,

70 4390 113 4458 ut
139 4405 199 4459 -ne
231 4390 453 4485 temporum
484 4381 610 4459 ordini
641 4388 850 4484 repugnet,
882 4379 1009 4459 fateor
1040 4401 1106 4455 me
1137 4398 1220 4450 non
