2670 5294
143 732 196 811 34
502 756 552 808 or
579 756 616 808 s.
632 754 759 809 varro
785 754 932 807 rorrs.

144 908 290 1016 ramus,
330 942 451 1019 paene
483 921 666 1022 cogimur.
728 916 860 1017 Neque
884 917 1050 992 alienum
1072 924 1177 1012 crat,
1200 916 1281 992 Vir·

144 1040 274 1143 gilium
307 1048 346 1115 ct
371 1039 526 1115 Varium
558 1037 849 1114 commemorari
876 1037 976 1112 inter
999 1038 1098 1112 illius
1122 1037 1283 1111 llictsto·

144 1159 198 1236 ris
221 1182 442 1261 praecones.
502 1156 681 1259 Virgilius
716 1155 819 1231 enim
843 1156 886 1229 in
909 1156 996 1232 Divi
1020 1155 1113 1232 lolii
1137 1155 1283 1249 testim,

144 1280 247 1380 quod
279 1277 585 1354 Triumvirorum
620 1277 774 1352 decreto
807 1275 845 1349 d.
878 1275 943 1351 lv.
978 1275 1036 1349 Id.
1068 1274 1149 1351 lul.
1180 1299 1218 1349 a.
1242 1275 1283 1348 ll.

145 1400 190 1476 (l.
216 1399 306 1475 712.
339 1397 506 1497 primum
539 1404 663 1473 acuum
689 1404 767 1490 cst,
802 1402 1066 1495 componierat
1088 1393 1222 1495 Eclog.
1243 1393 1284 1467 V.

145 1526 185 1593 et
218 1516 409 1608 Caesaris,
449 1539 585 1615 quem,
624 1522 739 1615 prout
772 1515 949 1589 carminis
990 1514 1157 1588 bucolici
1195 1512 1284 1588 ratio

146 1636 311 1732 screbat,
343 1633 552 1733 Daphnidis
576 1634 733 1709 nomine
758 1635 977 1733 appellavit,
1003 1633 1174 1728 obitmn,
1200 1656 1286 1731 apo-

145 1755 294 1833 theosin
319 1761 357 1830 et
381 1754 511 1830 laudes
536 1752 724 1829 cecinerat
732 1753 790 1850 ²⁷).
849 1751 956 1828 Sicut
978 1752 1094 1854 igitur
1117 1752 1287 1852 vagum

146 1874 218 1951 bso
249 1872 391 1976 Ecloga
424 1871 594 1947 animum
617 1873 744 1971 prodit
774 1870 943 1947 Caesaris
967 1871 1286 1961 smdiosissimmu,

146 1994 200 2071 ita
223 1993 357 2071 Varius
380 1992 467 2086 illo,
501 1992 550 2067 de
575 2016 653 2091 quo
676 1991 888 2090 loquimur,
922 1991 1088 2065 carmine
1113 1990 1287 2082 decium,
1328 2056 1331 2071 .

147 2136 264 2212 quam
288 2110 461 2188 addictus
486 2111 541 2185 1111
566 2118 605 2185 et
629 2111 718 2187 vivo
743 2118 782 2185 et
805 2118 957 2185 mortuo
972 2108 1087 2184 fuerit
1113 2116 1154 2184 et
1178 2132 1288 2209 qulam

146 2230 318 2307 imenso
352 2226 434 2332 ojus
469 2229 715 2320 adversariis3
755 2230 797 2304 id
840 2231 946 2327 quod
979 2228 1081 2302 illius
1115 2227 1288 2302 carminis

147 2349 330 2448 reliquiae
364 2349 518 2424 docent.
580 2347 842 2424 Vehementer
874 2349 977 2424 enim
1003 2348 1158 2441 dubito,
1202 2370 1288 2420 mon

147 2470 180 2549 is
212 2468 383 2544 altimum
415 2465 647 2560 induxisset,
691 2469 740 2542 dc
775 2466 868 2542 Julii
894 2465 1062 2541 Caesaris
1088 2468 1200 2541 obitn
1224 2491 1289 2565 pu-

147 2586 247 2665 blice
271 2585 383 2687 queri
408 2593 448 2659 ot
473 2586 516 2660 in
539 2582 623 2686 ejus
655 2586 829 2661 inimicos
852 2586 1014 2688 grauitm
1037 2586 1190 2679 invehi,
1224 2581 1289 2659 nis

147 2703 225 2810 jam
249 2707 353 2806 prius
379 2706 427 2781 ab
454 2702 537 2806 ejus
562 2706 733 2805 partibus
762 2708 927 2782 stetisset
953 2703 1114 2807 ejusque
1139 2727 1290 2779 caussae

148 2826 318 2905 lavisset.
375 2824 554 2902 Nondum
590 2825 694 2899 enim
727 2831 809 2901 tmn
843 2826 1027 2924 temporis
1068 2825 1123 2898 ita
1153 2822 1292 2901 fractas

148 2953 437 3046 prostratosque
463 2951 573 3019 erant
596 2940 921 3045 Pompeianorrun
945 2945 1068 3037 vires,
1099 2950 1146 3015 nt
1171 2940 1292 3016 omnis

151 3065 349 3162 pristinam
381 3063 598 3136 libertatem
632 3064 883 3161 recuperandi
911 3087 998 3163 spes
1023 3062 1159 3136 finisset
1183 3082 1292 3160 pros·

150 3181 238 3256 cisa.
289 3179 334 3253 Id
359 3203 477 3276 quam
500 3203 638 3254 versun
664 3179 735 3273 sit,
761 3184 991 3259 docrunouto
1018 3190 1077 3257 est
1101 3179 1291 3270 Horatitrs,

150 3300 240 3399 qni,
274 3298 514 3375 adversariae
538 3299 658 3398 partis
681 3297 831 3395 fautor,
874 3302 951 3376 suis
984 3302 1024 3375 in
1064 3299 1201 3375 Satiris
1225 3318 1292 3397 per

150 3442 271 3493 annos
296 3418 341 3493 U.
360 3418 402 3492 C.
418 3418 495 3491 713
510 3461 563 3475 -
579 3419 668 3492 716.
695 3419 847 3518 scriptis
874 3446 963 3495 cum
987 3420 1079 3495 alios
1101 3417 1291 3494 Caesaris·

149 3560 222 3611 nos
246 3543 395 3634 aperte,
428 3542 513 3610 tum
541 3538 669 3637 ipssnn
695 3537 946 3615 Octavianum
971 3548 1012 3615 et
1035 3540 1289 3614 Maecenatem

150 3662 248 3730 tecte
281 3655 573 3755 perstringebat.
632 3656 768 3755 Itaspre
801 3684 872 3757 pro
909 3668 1014 3734 corto
1046 3681 1169 3757 paene
1195 3654 1288 3730 affir-

150 3774 356 3867 maverim,
381 3774 475 3848 illud
496 3799 649 3850 carmon
675 3801 698 3850 a
717 3778 829 3852 Vario
847 3778 881 3850 si
896 3779 1030 3871 scribi,
1057 3785 1164 3852 certe
1187 3773 1288 3851 evul-

150 3892 231 3994 gari
254 3917 334 3966 non
358 3890 468 3967 facile
491 3896 682 3991 potuisse,
708 3898 932 3995 priusspram
956 3905 1169 3998 pugnatum
1193 3899 1289 3971 esset

150 4013 198 4087 ad
222 4011 440 4111 Philippos,
476 4020 514 4085 et
539 4037 687 4087 summa
712 4039 845 4090 rerum
879 4017 927 4089 ad
953 4016 1197 4091 Tritmrviros
1227 4035 1290 4090 ve·

149 4130 279 4207 nisset.
339 4130 472 4232 Pugna
512 4138 641 4205 autem
683 4134 749 4207 illa
782 4136 984 4209 commissa
1023 4143 1082 4209 est
1125 4138 1290 4217 exeunte

149 4258 327 4323 autumno
354 4272 387 4323 a.
405 4251 450 4323 U.
469 4250 511 4325 G.
530 4253 640 4345 712„
674 4260 719 4325 nt
743 4253 881 4351 probat
905 4253 1076 4327 Norisius
1100 4253 1143 4326 in
1170 4253 1291 4328 Ceno·

149 4366 252 4465 taph.
277 4366 404 4443 Pisan.
430 4368 589 4443 Dissert.
603 4369 654 4443 Il.
682 4395 714 4445 c.
730 4372 766 4445 6.
793 4396 832 4469 p.
855 4373 940 4446 133.
958 4398 1039 4470 sq„
1065 4373 1118 4446 ita
1143 4381 1190 4446 ut
1213 4394 1293 4447 cre·

150 4563 355 4572 ---—-——-—-

236 4672 292 4748 27)
316 4668 502 4748 conseatur,
533 4687 647 4751 praeter
667 4675 816 4755 Heyniom
838 4681 868 4738 in
885 4676 949 4739 Vir.
972 4676 1086 4755 Virgil.
1110 4700 1140 4754 p.
1163 4700 1211 4739 ao.
1232 4678 1290 4757 dig.

149 4780 176 4818 a.
198 4756 237 4819 U.
260 4755 295 4818 (i.
314 4763 406 4834 712,
427 4756 546 4821 Jahoios
568 4762 598 4820 in
618 4760 729 4824 lotrod.
747 4767 778 4823 io
797 4760 908 4842 Virgil'.
931 4786 962 4841 p.
980 4761 1072 4824 Xlll.
1095 4774 1126 4824 st
1144 4760 1292 4841 Spolmiu

147 4847 179 4903 in
198 4841 399 4923 Prolcgomcn.
421 4863 452 4922 p.
469 4851 523 4909 29.
542 4865 610 4923 sqq.
630 4848 670 4909 cl.
690 4845 768 4911 Phil.
790 4847 935 4928 Wagner.
957 4849 994 4911 sd
1014 4846 1081 4913 Ecl.
1100 4846 1133 4910 h.
1152 4870 1185 4915 r.
1197 4856 1253 4915 011.
