2670 5294
144 698 196 773 02
499 716 550 767 ur
576 716 613 765 ι.
630 700 756 799 sunio
783 716 928 767 roura.

81 906 85 914 ’
143 884 266 975 vallo,
306 878 509 982 proximus
542 886 672 956 tamur
703 886 945 978 sequeretur.
1003 878 1103 955 Nam
1127 878 1277 957 Ovidius

143 1005 182 1081 ei
204 1027 393 1099 magnum
417 1025 461 1076 os
493 999 626 1075 tribuit
651 1024 701 1075 ex
723 999 837 1077 Pout.
862 998 970 1075 Libr.
988 998 1058 1075 lv.
1086 998 1209 1101 Epist.
1227 1000 1278 1075 la

143 1152 183 1204 v.
201 1124 239 1201 5.

199 1244 330 1342 Quum
342 1242 459 1341 soret
483 1252 522 1314 et
545 1242 729 1330 Maraeu,
753 1237 965 1340 mgsique
987 1239 1188 1317 Rabirius
1210 1237 1280 1315 orie

245 1361 471 1460 Ilieecusque
492 1361 651 1450 Macer,
678 1357 925 1460 sidereumque
942 1361 1068 1450 Ped03

144 1483 250 1583 quod
275 1505 318 1555 oe
342 1504 492 1573 magna
517 1490 752 1553 senonicam
778 1479 828 1553 dc
852 1486 991 1577 poetae
1016 1480 1117 1577 epici
1134 1478 1281 1555 nomina

143 1601 356 1676 ethonore
382 1597 645 1695 accipiendum
670 1620 756 1672 csse
780 1621 869 1687 cum
893 1622 964 1696 par
987 1623 1031 1674 sc
1056 1606 1185 1698 patet,
1210 1608 1281 1673 urm

143 1718 309 1795 maxims
337 1717 567 1815 perspicittu
591 1740 644 1792 ex
662 1717 915 1810 Quintiliano,
943 1718 1010 1817 qui
1032 1719 1077 1792 in
1095 1706 1283 1817 epioonrm

142 1862 307 1914 recensu
329 1844 533 1935 poetarum
565 1836 618 1909 ait
641 1835 736 1910 Inst.
763 1833 831 1910 Or.
856 1835 965 1911 Liar.
983 1838 1033 1911 X.
1060 1862 1095 1913 c.
1118 1840 1157 1912 1.
1182 1838 1283 1928 §.tit

143 1954 369 2053 ‚Misius
399 1966 437 2029 et
462 1955 567 2029 Pedo
599 1980 680 2029 noa
702 1953 863 2050 indepti
884 1955 1105 2050 cognitione
1111 2009 1128 2050 ,
1160 1956 1201 2033 si
1220 1983 1285 2031 uu-

144 2076 301 2173 cet⁶³).“
352 2073 432 2150 soa
458 2074 615 2148 Varium
639 2099 721 2150 non
736 2074 859 2175 magis
877 2075 1153 2170 Quintilianus,
1180 2099 1286 2175 quarn

146 2194 307 2273 Ovidius
342 2194 539 2293 epicorum
571 2195 784 2269 carminum
808 2218 940 2269 caussa
971 2204 1285 2271 commemorant:

143 2320 310 2411 uterque
333 2336 430 2390 vero
463 2309 547 2412 ejus
574 2313 784 2408 Thyestem
817 2313 1130 2414 exquisitissimis
1164 2314 1285 2391 verbis

144 2433 316 2507 laudant.
367 2430 548 2532 Virgilius
565 2433 704 2527 semel,
731 2441 771 2509 et
796 2458 896 2507 unus
923 2433 1098 2509 omnum
1124 2434 1286 2508 maxima

146 2575 191 2629 ac
223 2550 446 2651 saepissimo
479 2550 659 2626 Horatius
692 2553 849 2627 Varium
883 2553 1105 2651 praedicant
1146 2554 1288 2651 epium

144 2678 298 2773 poetam
323 2671 510 2744 ilhrstrcm
526 2678 567 2745 et
582 2670 810 2746 Homericae
829 2672 1068 2747 sublimitatis
1084 2674 1285 2747 aemulum.

146 2791 289 2869 Contra
313 2791 419 2866 idem
442 2789 621 2867 Horatius
648 2791 760 2865 amici
787 2791 848 2864 sui
865 2791 1078 2886 Thyestem
1101 2818 1186 2867 uno
1209 2802 1286 2865 tau-
1323 2786 1325 2805 '

145 2918 228 2988 tum
251 2911 338 2987 loco
365 2917 403 2985 et
426 2907 589 2983 fortasse
614 2910 682 2985 iilo
707 2911 811 3008 ipso,
838 2910 1179 3009 (proscribebatur
1198 2920 1285 2987 tom·

145 3056 262 3131 pore,
302 3035 403 3104 tecte
438 3025 643 3126 significat,
683 3054 765 3103 non
798 3031 902 3127 quod
928 3054 1014 3104 eam
1040 3029 1284 3131 Tragoedia

145 3148 306 3239 minoris
337 3144 500 3236 faceret,
550 3168 667 3242 quam
711 3149 819 3247 epios
862 3149 1052 3241 carmina,
1095 3152 1167 3225 scd
1204 3148 1284 3248 quis

145 3264 385 3367 frequentior
415 3264 511 3339 haec
550 3288 667 3362 quam
709 3266 816 3341 illam
848 3268 1027 3341 lamlondi
1059 3265 1284 3344 offerebatur

147 3385 310 3463 occasio.
369 3383 570 3458 Falluntur
595 3385 719 3480 enim,
753 3386 822 3485 qui
847 3388 896 3460 ab
921 3386 1078 3462 Horatio
1103 3387 1148 3462 in
1171 3386 1282 3487 Epist.

146 3506 197 3582 ad
220 3504 378 3579 Pisones
403 3529 441 3580 v.
458 3505 521 3578 90.

250 3621 495 3717 lacunatis
518 3621 612 3697 item
635 3621 808 3721 privatis
833 3651 883 3698 ac
899 3649 1028 3725 prope
1052 3650 1162 3701 socco

123 3816 141 3841 Ι,
249 3739 395 3836 Dignis
419 3741 660 3816 carminibus
684 3743 852 3817 narrari
874 3768 994 3817 coena
1021 3745 1236 3843 Thyesten

147 3860 287 3937 blande
320 3861 460 3960 respici
493 3867 630 3958 putant
669 3861 773 3935 illam
807 3860 916 3935 Varii
949 3865 1197 3964 tragoediam.
1245 3860 1285 3939 ut
1322 3854 1325 3963 J

147 4006 285 4059 verum
309 3980 377 4073 sit,
411 3986 550 4078 poetae
576 3977 761 4055 Venusini
796 3981 924 4057 annno
959 3983 1022 4056 hic
1056 3984 1286 4059 obversatam
1322 3968 1325 3993 ⁵

148 4123 234 4176 esse
259 4099 424 4197 aliquam
448 4092 563 4197 hujus
596 4098 695 4171 tituli
718 4096 885 4173 fabulam
910 4101 1032 4178 invita
1056 4100 1232 4179 Minerva
1253 4104 1286 4174 et

148 4219 322 4293 versibus
358 4242 470 4293 socco
505 4217 627 4319 dignis
663 4217 841 4317 scriptam
875 4220 956 4296 sive
991 4218 1129 4315 Ennii,
1170 4229 1216 4295 ut
1245 4220 1288 4295 ob

150 4332 343 4409 Ciceronis
378 4332 486 4411 Orat.
514 4361 547 4411 c.
566 4335 627 4411 55.
654 4338 832 4435 opinatur
866 4337 1056 4433 Hurdius,
1093 4339 1178 4417 sive
1203 4341 1289 4416 aliia

72 4456 76 4461 '
150 4446 361 4554 crrjuspiam
391 4463 530 4553 poetae
565 4480 618 4531 ex
651 4458 894 4556 nuptialibus:
928 4464 1060 4533 tamen
1090 4458 1189 4535 hacc
1214 4460 1292 4534 lau·

165 4628 373 4643 *a

152 4781 220 4871 Ex.
240 4710 362 4875 535¹&
382 4724 510 4789 Rabirio
529 4739 560 4790 et
578 4724 702 4791 Pedem
730 4732 822 4807 poetis
843 4733 994 4809 copiosius
1015 4733 1182 4810 expositum
1203 4732 1297 4797 esth

200 4830 275 4872 cun.
340 4853 350 4874 .
