2670 5294
433 304 633 360 neussus
656 303 699 359 v.
1058 281 1137 362 637

89 492 115 541 o
135 465 348 542 didicisset:
375 492 413 544 v.
430 465 594 568 Philipp.
609 466 661 544 Π.
687 493 721 546 c.
739 470 777 544 4.
802 475 843 544 et
862 471 922 546 17.
949 469 996 546 cl.
1008 468 1137 572 intpp.

89 585 187 661 lion.
225 587 328 661 Cass.
362 584 467 660 Libr.
491 586 614 661 XLV.
648 613 682 663 c.
709 588 773 663 30.
803 588 888 665 Vol.
912 587 962 665 V.
985 614 1026 688 p.
1048 591 1137 666 462.

89 756 96 778 .
148 704 314 779 Secutus
340 711 469 780 autem
494 713 552 781 est
576 706 628 779 Μ.
644 706 832 782 Antonius
854 706 1003 783 dicendi
1019 732 1139 808 genus

89 823 202 897 ticum
221 824 391 923 opimum
407 824 504 897 illud
521 832 562 900 et
586 825 755 924 adipale,
781 826 908 925 quod,
934 832 976 900 ut
993 826 1138 900 Plutar-

120 964 153 1015 ο.
179 944 217 1017 2.
252 942 323 1037 ait,
358 940 518 1018 haberet
542 940 724 1037 ὁμοιότητα
751 947 839 1038 πρὸς
866 947 923 1017 τὸν
948 945 1025 1034 βίον
1053 944 1138 1018 criasi

89 1052 157 1145 cidp
184 1056 242 1125 καὶ
270 1055 504 1147 φρυαγματίαν
533 1049 613 1126 ὄντα
642 1057 700 1127 καὶ
726 1062 804 1128 uarii
833 1061 1060 1153 γαυριάματος
1082 1060 1139 1129 καὶ

89 1158 191 1244 τιμίας
211 1156 371 1245 ἀνωμάλα
391 1155 523 1244 μεστόν.

89 1279 124 1354 d.
150 1281 321 1357 Antonio
353 1278 483 1382 juveni
515 1280 834 1381 perniciosissimd
867 1281 942 1356 fuit
975 1308 1138 1360 consue-

122 1399 165 1475 C.
192 1400 389 1493 Curionis,
431 1401 499 1498 qui
531 1424 622 1475 suae
655 1401 874 1500 alienaeque
899 1409 940 1476 et
966 1400 1140 1476 fortunae

89 1519 259 1593 udicitiae
292 1518 494 1618 prodigus,
530 1542 640 1613 eum,
672 1544 751 1617 quo
784 1520 905 1620 magis
938 1519 1010 1592 sibi
1042 1520 1141 1594 foret

89 1638 207 1731 sirius,
250 1638 292 1711 in
325 1637 480 1729 vinum,
522 1637 641 1713 lustra
681 1647 722 1713 et
760 1635 935 1738 profusos
967 1646 1140 1737 sumptus

89 1763 258 1857 ⁸ergeret,
310 1756 401 1830 lieet
432 1753 547 1855 hujus
588 1781 742 1855 qnoque
775 1758 832 1832 rei
865 1756 1140 1856 turpitudinem

89 1875 180 1950 liose
195 1898 444 1976 exaggerasse
460 1874 557 1949 mibi
573 1875 749 1950 videatur
767 1875 898 1951 Cicero
914 1875 1078 1975 Philipp.
1089 1875 1140 1949 11.

89 1996 121 2068 Β.
148 1994 193 2069 cl.
219 1994 333 2068 Dion.
360 1992 463 2068 Cass.
488 1992 596 2067 Lihr.
611 1992 732 2068 XLV.
760 2019 793 2069 o.
812 1997 874 2069 26.
926 1994 1041 2070 Misso
1065 1994 1140 2069 Cu·

89 2136 106 2188 e
131 2137 173 2188 se
196 2112 241 2187 P.
267 2112 388 2188 Clodii
412 2112 556 2188 tribuni
581 2112 636 2212 pl.
662 2110 783 2187 furori
807 2112 998 2211 paulisper
1019 2116 1140 2211 appli-

89 2283 97 2323 ‚
142 2240 297 2308 auctore
329 2232 532 2307 Plutarcho
566 2255 600 2306 c.
624 2231 684 2324 2.,
718 2232 786 2304 sed
811 2255 906 2305 mox
933 2227 1014 2329 ejus
1039 2231 1141 2303 insa-

89 2374 103 2424 1
127 2358 323 2449 pertaesus
347 2374 400 2426 ex
425 2351 533 2426 ltalia
552 2351 598 2449 in
623 2349 822 2424 Graeciam
846 2348 1037 2448 navigavit
1067 2349 1139 2420 ibi-

112 2469 342 2568 sliquamdiu
377 2476 634 2544 commoratus
670 2468 884 2543 intermissa
926 2467 1141 2541 litterarum

89 2587 305 2686 loquentiae
329 2588 452 2663 studia
475 2588 684 2663 revocavit.

101 2721 189 2799 Jam
214 2722 369 2798 cumin
394 2722 527 2798 aetatis
552 2720 646 2797 {lore
671 2721 896 2797 constitutus
910 2746 1041 2797 rersnn
1059 2729 1140 2796 tur-

92 2841 473 2942 contentionibusque
509 2840 685 2916 civilibus
725 2835 973 2939 objiceretur,
1015 2839 1142 2939 coepit

107 2984 173 3054 es,
213 2983 290 3058 qua
323 2966 425 3055 erat,
452 2958 587 3041 ‚enimi
611 2958 834 3056 impotentia
858 2960 1031 3057 turpibus
1054 2958 1143 3033 libi·

89 3081 154 3155 bus
168 3086 206 3153 et
225 3077 465 3176 quotidianae
490 3075 573 3151 iere
598 3077 774 3176 crapulae
798 3077 1017 3180 indulgeres
1043 3101 1141 3176 sprec

89 3197 215 3272 minus
240 3196 393 3295 corpori
420 3196 610 3271 nocebant
633 3203 767 3270 natura
790 3196 938 3289 valido,
965 3197 1033 3270 sed
1059 3195 1141 3268 ani-

89 3316 182 3390 nad
209 3339 364 3390 sensnm
390 3315 635 3389 humanitatis
660 3322 698 3389 et
721 3314 931 3415 elegantiae
955 3312 1143 3386 obtrmde-

89 3460 106 3508 ·.
148 3432 281 3532 Neque
301 3431 385 3507 fieri
403 3440 552 3531 poterat
568 3434 663 3532 quin
679 3431 823 3534 ingenii
839 3430 941 3507 vires
955 3429 1027 3503 hac
1042 3428 1143 3503 vitae

89 3574 150 3626 >ne
164 3551 307 3626 sensim
322 3551 582 3627 hebescerent.
618 3551 744 3644 erare
759 3550 948 3649 Augustus
955 3601 968 3643 ,
990 3557 1143 3623 auctore

89 3670 188 3745 tenio
214 3693 248 3745 c.
264 3672 350 3763 86„
376 3670 479 3745 haud
503 3664 642 3769 injuria
666 3692 755 3743 eum
779 3668 1010 3767 increpuisse
1035 3668 1144 3742 vide-

90 3799 132 3862 ut
152 3788 348 3884 insanum,
374 3788 484 3887 quasi
502 3810 548 3863 ee
568 3787 819 3881 scribentem,
845 3810 943 3884 quac
959 3785 1147 3860 mirentur

89 3933 131 3982 us
156 3906 331 3982 homines
357 3932 473 4006 quam
496 3906 718 4007 intelligant.
768 3904 865 3979 Nam
890 3905 932 3979 in
955 3899 1038 4005 ejus
1063 3903 1146 4005 cpi-

89 4049 293 4124 equoque,
319 4049 417 4125 qssae
431 4033 646 4126 supersunt,
672 4023 930 4100 desideramus
948 4023 1147 4100 oonsilinn

89 4146 191 4220 erius
214 4140 410 4244 judicium.

107 4262 196 4337 Fuit
225 4254 278 4335 Μ.
312 4260 497 4338 Antonius
530 4262 648 4338 homo
680 4261 885 4338 multarum
919 4263 1147 4364 nuptiarum.

89 4381 201 4458 itimo
217 4378 391 4484 conjugio
407 4379 632 4484 conjunctus
646 4379 747 4459 vixit
765 4403 853 4457 cum
870 4390 1033 4481 quatuor
1048 4398 1150 4449 uxo·

89 4497 248 4564 sarcum.
268 4497 444 4564 Gcmsr.
878 4500 930 4575 22
