2670 5294
165 709 244 787 820
515 732 566 784 cs
591 730 730 785 casoro
751 732 974 788 rnumusr.

165 894 300 970 obesse
331 890 464 970 velles.
537 890 693 993 Optime
728 894 830 969 hunc
863 893 994 970 locum
1027 892 1159 996 lingua
1192 894 1291 994 patria

167 1012 336 1087 reddidit
359 1011 596 1087 Kirohuerus
621 1021 792 1087 nostras:

221 1131 323 1214 Wcil
352 1156 397 1205 cr
429 1132 499 1205 das
533 1130 750 1206 &hicmaro
781 1132 864 1205 volt
895 1132 1083 1223 striimte,
1124 1154 1170 1205 ro
1190 1131 1289 1225 gui's,

765 1272 850 1323 socc
874 1247 994 1344 tilgeu
1026 1274 1129 1323 nuru
1151 1250 1291 1323 mo'ctte.

219 1370 298 1464 Er,
322 1365 730 1467 voestensasso,
757 1365 822 1441 die
838 1365 1290 1443 Bcccdwerdimsctrri·

691 1522 695 1527 ·
771 1483 845 1559 dan
868 1511 921 1560 zu
944 1490 1111 1581 tragon,-

222 1602 406 1684 dinotet
439 1603 496 1679 im
520 1600 712 1700 ricdtigerr
736 1602 963 1697 Schrcrlreur
1005 1604 1056 1678 ob
1079 1602 1181 1696 viel,
1207 1600 1290 1677 siclt

770 1721 870 1796 ocht'
895 1720 959 1796 ictu
983 1746 1038 1795 es.
1052 1760 1110 1780 —

173 1844 413 1943 Quapropter
446 1839 671 1935 suhdrdsito,
710 1863 804 1915 num
833 1865 930 1939 opus
962 1840 1014 1915 sit
1037 1862 1090 1917 co
1114 1839 1288 1917 verbomn

172 1963 411 2054 interductu,
453 1983 571 2058 quem
603 1958 695 2033 huic
724 1958 810 2034 loco
835 1958 1101 2034 adhibendum
1124 1957 1289 2058 proposui

173 2079 221 2155 L.
248 2078 533 2154 Doederleinius
557 2077 584 2151 Ι.
604 2101 638 2152 c.
689 2075 727 2153 ls
752 2076 856 2151 enim
880 2076 1099 2178 interpungi
1122 2077 1259 2151 maluitt

227 2198 327 2274 Cum
340 2197 511 2300 flueret,
537 2194 751 2270 ludelmus
774 2205 880 2288 crat,
914 2195 1020 2294 quod
1042 2194 1180 2269 tollere
1200 2192 1286 2268 edlu

228 2315 450 2406 Garrulm,
477 2326 595 2415 alpos
616 2311 729 2413 pulver
752 2310 945 2387 scribendi
953 2313 1076 2412 ferre
1100 2312 1270 2401 laborm

175 2434 274 2510 bauo
317 2428 522 2534 ssdsjicicns
563 2429 810 2507 sententiam:
851 2429 1060 2524 „Quamuis
1101 2429 1286 2506 flueretct

175 2560 351 2653 prompta
375 2560 475 2627 esset
507 2549 647 2625 Lucilii
672 2549 810 2643 oratio,
849 2550 890 2622 in
914 2548 1009 2623 hora
1034 2573 1152 2648 saepe
1176 2550 1286 2622 duceu-

175 2678 236 2747 tos
250 2696 386 2747 versun
405 2669 597 2762 dictantis,
614 2669 718 2743 idem
733 2676 864 2743 tamen
878 2668 1091 2742 lutrdentus
1107 2675 1202 2761 erat,
1215 2666 1286 2741 mul·

176 2798 356 2889 tumque,
389 2789 495 2887 quod
520 2789 653 2863 abesse
677 2788 761 2862 sine
785 2788 863 2862 ullo
889 2787 946 2862 rei
971 2786 1205 2862 detrimento
1225 2808 1287 2886 pos·

178 2916 256 3003 sct,
301 2907 508 3010 garriens.“
567 2907 647 2981 Hac
681 2907 722 2980 in
752 2904 1067 3005 interpretatione
1100 2906 1195 3004 quid
1221 2900 1288 2979 mii

178 3026 391 3126 displiceat,
430 3048 525 3124 pace
559 3024 767 3099 doctissimi
799 3023 1074 3117 Doederleinii,
1120 3026 1289 3124 apertect

178 3171 225 3220 eo
251 3144 498 3221 confidentius
523 3167 625 3217 nunc
646 3143 790 3237 dicam,
816 3168 893 3241 quo
909 3143 1029 3242 magis
1048 3143 1174 3218 laetor
1187 3143 1288 3218 eadm

177 3264 258 3338 l'erc
293 3263 341 3337 dc
374 3261 449 3337 hoc
483 3262 693 3336 tentamine
729 3286 881 3336 mecmn
906 3262 1048 3336 sentire
1080 3263 1208 3338 virum
1228 3258 1288 3335 axi·

178 3381 318 3476 mium,
358 3379 598 3472 Jacobsisuu,
633 3387 674 3452 ut
705 3380 926 3479 nuperrime
958 3379 1139 3455 intellexi
1163 3404 1213 3455 ex
1232 3375 1287 3481 ejus

176 3500 349 3574 Lection.
384 3499 526 3572 Venus.
551 3497 621 3571 XI.
657 3526 694 3596 p.
721 3500 810 3572 242.
838 3522 922 3596 sqq.
990 3496 1168 3573 Primum
1199 3496 1286 3573 oratio

177 3641 274 3716 quae
296 3618 432 3723 fluere
465 3618 622 3710 dicitur,
666 3617 840 3690 laudatur
873 3617 1000 3714 potius
1027 3642 1146 3715 quam
1169 3618 1283 3714 vimpr·
1324 3644 1327 3673 ¹

176 3743 291 3811 retur.
350 3734 399 3810 Et
434 3736 465 3810 si
500 3760 524 3809 a
558 3736 741 3809 Cicerone
775 3736 823 3810 de
850 3733 954 3809 Orat.
980 3732 1282 3810 Lil›r.111.ctt
1325 3756 1327 3801 ι

176 3866 207 3943 §.
236 3854 322 3928 19⁰.
357 3879 437 3944 „oe
458 3855 575 3959 fluat
609 3852 771 3927 oratio“
811 3877 948 3928 cavere
988 3851 1147 3955 jubetur
1181 3860 1282 3939 oratu,
1325 3910 1327 3922 .

177 3972 419 4073 intelligenda
453 3997 499 4047 ca
537 3979 613 4064 cst,
658 3995 755 4068 quac
788 3973 902 4045 nullis
933 3972 1102 4047 numeris
1143 3970 1282 4047 adstridt

177 4097 217 4163 et
242 4090 346 4163 mdla
371 4089 456 4191 lege
481 4089 601 4165 ferun
626 4091 761 4164 soluta.
819 4090 1051 4188 Plennnque
1081 4093 1186 4166 bono
1209 4108 1284 4165 secu

177 4210 334 4303 dicitur,
360 4216 402 4282 ut
415 4209 546 4283 multis
573 4208 760 4305 exemplis
779 4209 908 4283 docuit
933 4207 969 4283 J.
989 4210 1078 4285 Chr.
1095 4212 1174 4285 Th.
1199 4210 1285 4283 Eruc-

176 4328 270 4401 stius
304 4329 346 4401 in
377 4325 513 4402 Lexic.
550 4327 737 4401 Technol.
778 4324 866 4400 Lat.
906 4327 1017 4402 Rhet.
1050 4357 1091 4428 p.
1120 4331 1208 4405 176.
1231 4348 1288 4425 sqq·

176 4441 298 4540 Atque
323 4454 367 4518 ut
392 4447 603 4519 trituramus
627 4445 667 4518 h.
691 4446 718 4519 l.
744 4470 783 4521 v.
798 4447 934 4549 flucre
966 4448 1167 4523 notionem
1189 4448 1291 4522 incon·

176 4562 337 4635 stantiae
362 4570 402 4638 et
426 4571 555 4640 motus
573 4561 770 4665 cujusdam
794 4565 1021 4665 vagabundi,
1047 4575 1183 4643 tamen
1204 4561 1292 4642 oratio

176 4674 315 4751 Lucilii
355 4680 445 4756 ideo
488 4708 568 4757 non
606 4689 736 4781 potest
778 4683 853 4758 dici
898 4686 1092 4762 exstitisse
1127 4686 1293 4762 lutulena

175 4794 324 4873 Deinde
353 4820 418 4872 me
453 4801 702 4878 vehementer
744 4799 903 4879 offendit
937 4806 1191 4884 constructio:
1228 4824 1294 4903 gur·
