2686 5236
519 635 725 691 axcuusus
751 636 792 690 v.
1151 613 1228 693 335

85 825 121 877 ο.
147 799 181 876 1.
238 738 362 876 nata
395 793 478 899 ejus
508 795 610 877 suna
632 797 705 875 na
730 799 777 873 n.
797 798 891 876 sun
917 798 1105 892 caesana,
1130 756 1230 876 cos.

85 944 121 995 a.
147 918 195 993 U·
219 919 261 993 C.
284 920 373 993 664.
397 917 494 1011 filia,
528 942 643 1015 quam
667 928 741 1002 ταῖς
761 917 914 1010 ἀρίσταις
927 924 1002 991 τότε
1021 923 1079 991 καὶ
1093 947 1230 1013 coppo·
1308 1008 1313 1025 ι

85 1036 261 1133 νεστάτᾳις
284 1037 459 1125 ἐνάμιλλον
491 1036 653 1134 appellat
684 1036 908 1112 Plutarchus
934 1062 968 1112 c.
992 1040 1029 1110 2.
1079 1038 1231 1113 Patrem

85 1152 214 1229 maisit
230 1176 265 1227 a.
281 1153 327 1227 U.
347 1151 389 1227 G.
408 1154 496 1228 683.
515 1156 737 1230 redeuntem
753 1179 806 1230 ex
820 1156 1070 1256 ignominiosa
1081 1155 1124 1227 in
1137 1155 1230 1229 Gro-

85 1278 166 1347 tam
192 1270 456 1369 expeditione,
490 1273 539 1345 de
563 1297 640 1370 qua
665 1274 801 1375 dignus
833 1282 891 1347 est
923 1272 989 1372 qui
1014 1271 1231 1347 conseratur

85 1390 129 1465 G.
160 1388 354 1465 lloeckius
387 1388 429 1462 in
459 1390 548 1462 libr.
582 1392 720 1466 Krete.
753 1390 840 1468 Vol.
867 1392 934 1466 Ill.
968 1417 1006 1489 p.
1032 1392 1120 1466 501.
1143 1416 1229 1490 sqq.

85 1506 299 1585 Vceordiac
331 1514 511 1606 paternae
544 1511 766 1608 exemplum
804 1510 906 1585 istud
947 1510 1110 1584 d1d›itari
1151 1535 1231 1585 non

85 1633 215 1725 potest
240 1625 334 1723 quin
358 1626 398 1698 in
422 1625 490 1700 filii
515 1627 687 1701 animum
711 1653 894 1729 magnam,
913 1652 1074 1725 eamque
1100 1629 1229 1727 perni-

85 1744 230 1820 ciosam
255 1744 432 1817 habuerit
460 1745 552 1839 vim,
580 1746 753 1821 inomni
779 1743 863 1844 ejus
888 1746 963 1823 vita
990 1746 1147 1844 posthac
1172 1748 1230 1820 l'a-

85 1863 233 1960 ctisque
259 1862 511 1961 corispicuam.
569 1864 690 1938 Mater
723 1861 806 1963 ejus
838 1873 925 1964 post
950 1861 1118 1964 conjugis
1145 1864 1231 1939 obi·

85 1990 172 2056 tum
196 1981 324 2080 nupsit
348 1982 391 2053 P.
419 1980 595 2056 Cornelio
620 1982 802 2077 Lentulo,
828 2008 943 2080 quem
969 1983 1102 2056 Cicero
1129 1982 1230 2074 Cos,

86 2102 237 2175 detecta
271 2098 449 2174 Catilinae
484 2094 766 2200 conjuratione,
812 2101 850 2173 in
884 2125 1036 2175 carcere
1070 2096 1230 2200 jugulari

85 2217 209 2321 jussit.
260 2218 317 2292 Ab
341 2216 416 2292 hoc
437 2216 525 2293 inde
546 2226 719 2316 tempore
735 2228 888 2293 mutuas
903 2220 1109 2293 simultates
1128 2243 1231 2293 nunc

87 2340 270 2413 obscuras
294 2361 396 2410 nunc
420 2343 566 2433 apertas
588 2360 611 2409 a
636 2336 820 2412 Cicerone
847 2345 886 2412 et
911 2337 1093 2431 Antonio,
1127 2336 1231 2411 Len-

86 2457 160 2529 tuli
194 2455 388 2555 privigno,
432 2462 625 2552 susceptas
660 2435 795 2548 luisse,
839 2463 969 2531 auctor
1001 2463 1060 2529 est
1083 2455 1231 2529 Plutar-

86 2573 184 2649 cbus
210 2597 243 2648 c.
262 2576 300 2647 2.

194 2694 277 2786 Quo
302 2714 403 2766 anno
428 2690 494 2765 ille
519 2699 631 2767 natus
658 2690 793 2786 fuerit,
818 2691 920 2791 apud
945 2690 1047 2788 ipsos
1072 2691 1232 2788 scripto-

86 2835 152 2887 res
172 2818 322 2886 veteres
340 2818 629 2886 controversum
654 2820 724 2885 est.
766 2810 862 2885 Nam
878 2808 1099 2882 Plutarchus
1122 2834 1154 2882 c.
1166 2812 1230 2882 87.

87 2929 228 3019 tradit,
262 2953 354 3002 eum
378 2929 427 3002 ab
452 2928 536 3002 aliis
562 2927 636 3002 dici
660 2954 753 3017 sex,
779 2929 828 3003 ab
854 2927 935 3002 aliis
960 2939 1038 2999 tres
1056 2933 1096 3000 ct
1115 2924 1231 3026 quin-

87 3045 281 3149 quaginta
307 3070 426 3121 annos
450 3046 615 3139 vixisse,
652 3071 740 3122 cum
776 3044 1032 3122 Alexandriae
1073 3070 1232 3119 manum

89 3166 165 3241 sibi
189 3163 350 3263 inferret
372 3189 507 3241 mense
525 3163 664 3239 Sextili
683 3189 718 3238 a.
737 3166 783 3238 U.
801 3164 843 3238 G.
859 3164 948 3237 724.
1001 3164 1126 3256 Quare
1141 3188 1232 3238 eum

89 3292 159 3360 aut
183 3307 218 3356 a.
244 3282 288 3358 U.
313 3281 356 3357 C.
378 3284 468 3358 668.
502 3292 569 3356 aut
595 3284 684 3359 671.
717 3284 819 3360 vitae
844 3283 969 3355 lucem
994 3282 1132 3356 vidisse
1157 3289 1233 3357 sta·

89 3410 257 3484 tiramus.
319 3400 415 3476 Grun
448 3408 575 3475 autem
608 3400 674 3477 ille
704 3409 793 3501 post
821 3423 989 3501 pugnam
1012 3400 1233 3499 Philippen-

88 3544 172 3597 sem
197 3543 233 3595 c.
256 3518 303 3593 U.
332 3517 374 3593 C.
400 3520 509 3612 713„
542 3542 763 3619 congressus
787 3519 827 3591 in
854 3518 983 3592 Cilicia
1009 3543 1096 3591 cum
1122 3518 1233 3593 Cleo·

88 3646 222 3741 patra,
257 3632 366 3737 cujus
391 3661 521 3712 amoro
555 3638 680 3714 statim
705 3638 944 3736 capiebatur,
984 3636 1032 3708 ab
1056 3635 1233 3733 Appiano

89 3759 141 3833 do
166 3757 212 3829 B.
242 3756 283 3831 C.
318 3754 426 3828 Libr.
443 3754 492 3828 V.
519 3780 552 3831 e.
572 3759 610 3829 8.
637 3756 784 3829 dicatm
817 3760 928 3826 natus
963 3750 1080 3825 firissc
1114 3775 1234 3826 annos

89 3874 357 3976 quarlraginta,
399 3873 483 3973 ipsa
515 3872 700 3972 temporis
731 3870 826 3946 ratio
862 3872 1013 3964 suadet,
1054 3870 1164 3941 illrun
1209 3895 1237 3942 u

88 4018 126 4071 a.
144 3993 191 4069 U.
211 3991 254 4067 C.
271 3994 361 4069 668.
386 3988 435 4065 L.
462 3990 639 4067 Cornelio
665 3990 784 4065 Cirma
804 3988 854 4062 Π.
881 3996 921 4063 et
947 3988 989 4064 C.
1007 3987 1127 4062 Mario
1145 3987 1233 4062 Vll.

88 4110 218 4202 Coss,
259 4118 393 4185 natum
430 4132 514 4184 esse
545 4133 752 4209 ponamus,
793 4116 836 4183 ut
875 4113 980 4183 recte
1017 4106 1260 4182 observavit

87 4228 333 4305 Drumannus
357 4229 384 4302 1.
411 4252 445 4304 c.
473 4228 586 4315 Tem.
604 4227 634 4299 1.
659 4251 697 4324 p.
715 4227 779 4300 64.

192 4347 375 4421 Naturam
408 4345 475 4431 ille
507 4345 550 4419 in
583 4345 794 4419 tribuendis
819 4342 991 4442 corporis
1016 4341 1234 4443 ingeniirpre

86 4464 203 4542 bonis
244 4463 430 4537 babuerat
466 4445 701 4538 fautricem(
747 4461 862 4553 Nam,
905 4468 949 4534 ut
983 4462 1110 4538 verbis
1144 4461 1234 4535 l’lu·

87 4580 214 4659 turchi
227 4605 261 4657 ο.
275 4582 314 4655 4.
331 4590 439 4674 utar,
465 4588 596 4674 προσῆν
611 4622 647 4637 -
661 4582 717 4653 καὶ
736 4586 873 4672 μορφῆς
894 4581 1091 4672 ἐλευθέριον
1101 4578 1234 4668 ἀξίωμα

87 4688 149 4761 καὶ
168 4686 291 4779 πώγων
308 4711 359 4770 τις
380 4680 441 4757 οὐκ
463 4679 599 4776 ἀγεννὴς
619 4685 676 4754 καὶ
695 4685 823 4765 πλάτος
842 4680 983 4769 undare
997 4685 1055 4757 sai
1066 4682 1234 4779 γρυπότης
