2670 5294
403 625 454 677 ιιιι
480 626 517 675 ι.
542 623 670 678 vsaro
699 628 844 682 roura.
1170 604 1195 680 1

89 788 178 865 uus
195 788 421 889 scriptorum
435 787 551 885 locis,
575 789 645 890 qui
667 786 927 895 hujuscemodi
943 788 1196 892 oomqrtslam

89 909 150 984 nsi
175 917 282 1000 srmt,
315 906 426 984 valdo
458 909 681 1011 amhiguum
705 917 784 1006 ast,
818 917 948 986 ιιιιίιιιι
974 910 1114 1003 Varii,
1147 937 1195 986 an

89 1026 161 1103 'riri
176 1023 374 1130 cujusdam
387 1051 530 1103 nomon
547 1028 667 1104 latore
683 1037 812 1129 putes,
837 1029 1059 1129 pracsertim
1075 1055 1196 1130 quum
1246 1052 1249 1069 ·

89 1148 224 1247 lipsa,
268 1170 346 1244 qua
369 1144 420 1219 1..
442 1146 486 1224 V
479 1145 614 1222 ανίιιιιι
645 1155 802 1247 poetam
835 1147 1009 1224 floruisse
1041 1149 1194 1244 soimm,

89 1275 173 1342 aare
203 1266 318 1341 multi
349 1264 519 1341 vixerint
545 1266 671 1360 Vari,
712 1266 805 1343 holli
835 1268 1018 1367 pacisque
1050 1268 1196 1343 artibus

89 1386 229 1461 usti-as.
296 1383 402 1459 Haeo
432 1408 496 1458 ras
527 1385 602 1460 dici
636 1411 717 1461 non
748 1394 874 1486 potest
906 1410 1025 1487 quam
1057 1388 1195 1462 mutas

89 1504 187 1579 hest
210 1502 404 1579 cautiones
429 1509 468 1578 ct
491 1504 642 1602 qrmntis
674 1505 829 1580 arraudi
860 1505 1039 1607 periculis
1070 1530 1195 1606 expo·

89 1629 116 1696 tt
141 1645 253 1717 erun,
279 1621 349 1721 qui
374 1622 422 1697 dc
446 1622 521 1697 hoc
545 1631 662 1724 pocta
686 1623 896 1723 scripturus
920 1631 991 1699 est.
1028 1612 1193 1720 Accedit,

89 1740 177 1836 rod,
202 1764 304 1840 quac
328 1741 379 1815 <lo
403 1739 536 1837 Varis,
563 1741 671 1817 Varii
696 1743 938 1841 aequalibus,
973 1744 1076 1843 apud
1101 1745 1193 1819 scri-

89 1883 178 1935 oras
211 1859 354 1959 possim
384 1860 584 1961 leguntur,
627 1886 710 1937 non
737 1861 929 1939 minorem
958 1861 1103 1937 hahent
1125 1863 1194 1939 ob-

89 1979 269 2054 uritatam
291 2002 339 2054 ao
362 1979 636 2056 dubitationem
647 1981 693 2080 ³).
733 2006 736 2010 ’

150 2130 277 2207 Nihilo
300 2138 430 2207 tamon
453 2132 596 2228 socius,
626 2158 745 2232 qnam
767 2132 897 2209 mum
922 2133 1059 2209 abhinc
1084 2131 1194 2209 annis

89 2249 137 2324 sli
160 2248 279 2324 fidam
303 2250 495 2325 scribendi
520 2252 569 2326 do
601 2251 652 2328 Ι..
672 2250 799 2331 Vario
823 2256 967 2346 Poeta,
1002 2276 1107 2348 cam,
1142 2275 1193 2327 na

89 2392 155 2446 aas
178 2391 263 2443 osso
287 2368 418 2445 videar
441 2370 659 2469 promissis,
684 2366 762 2474 jam
787 2373 1006 2468 exsolvere,
1032 2379 1072 2446 ct
1093 2372 1192 2446 illius

89 2485 247 2562 arissimi
278 2487 443 2564 hominis
475 2489 684 2565 momoriae
708 2491 784 2566 hac
807 2491 1078 2591 qualicumque
1102 2489 1193 2566 scri-

89 2606 179 2681 ionc
204 2608 403 2683 consulere
436 2610 540 2708 apud
565 2610 736 2685 animum
760 2610 957 2705 constitui,
991 2604 1111 2709 ipsius
1135 2606 1192 2683 roi

89 2708 271 2801 ffinuute
295 2751 376 2801 non
399 2734 480 2801 tam
505 2727 730 2823 (latornum,
757 2751 875 2826 quam
890 2728 1087 2804 invitatus.
1111 2726 1192 2801 Va·

89 2845 197 2922 nimo
222 2846 326 2922 araim
350 2845 489 2922 aliotsbi
512 2846 657 2923 Plinius
681 2848 908 2943 „anlum,
933 2847 1078 2948 inquit,
1104 2872 1192 2920 mo·

89 3096 157 3144 mn
179 3095 244 3162 est,
276 3086 364 3147 simul
383 3088 497 3149 varians
524 3097 641 3149 notator
667 3087 754 3149 lectio
782 3084 901 3163 Varus,
937 3095 970 3148 nt
995 3088 1107 3148 monuit
1133 3089 1191 3163 jam

89 3190 190 3231 m
219 3171 256 3231 sd
288 3169 411 3248 Apulei.
440 3174 471 3232 d.
500 3170 641 3253 Orthogr.
661 3175 689 3250 §.
702 3180 754 3235 13.
776 3195 807 3250 p.
822 3179 875 3236 68.
900 3206 937 3220 -
982 3171 1022 3234 L.
1043 3170 1192 3252 Gyraldus

89 3256 130 3316 sl.
150 3252 208 3315 lV.
231 3256 260 3315 d.
283 3255 365 3319 l'oct.
386 3280 417 3333 p.
435 3265 508 3319 158.
527 3256 609 3335 Opp.
632 3256 736 3332 (Basil.
759 3264 865 3330 1580.)
887 3260 990 3318 mirum
1018 3268 1192 3335 qnsutopcrc

89 3361 97 3401 ι
115 3342 145 3400 ἰιι
164 3343 329 3402 nominihus
349 3345 516 3405 turbaverit.
560 3343 697 3404 Amicam
711 3341 835 3421 Virgilii
857 3354 886 3404 ct
908 3341 1021 3404 Horatii
1042 3344 1192 3421 distinguit

89 3424 185 3487 latoio
208 3427 311 3490 Varro
333 3429 444 3505 (sici),
478 3440 563 3505 pocta
583 3440 613 3490 ct
635 3427 846 3505 Grammatico,
874 3426 996 3508 Virgilii
1016 3429 1141 3489 hacrcrlc
1162 3439 1192 3488 et

89 3513 199 3573 meiius
230 3514 423 3575 emendatore.
467 3512 528 3593 Qui
550 3517 585 3574 ab
607 3535 642 3575 co
664 3526 921 3577 commemorantur
942 3514 1023 3575 Vari
1043 3525 1072 3575 et
1091 3514 1191 3573 distin·

89 3610 191 3671 untur,
224 3613 364 3676 perpetuo
393 3598 492 3659 Vm·
516 3602 705 3661 nominantur.
749 3598 815 3662 Nisi
842 3602 917 3663 iortc
937 3599 1009 3661 hacc
1027 3592 1191 3678 typotheta-

90 3704 115 3742 m
132 3685 216 3760 culpa
238 3695 293 3755 cst,
315 3707 404 3761 anun
420 3684 599 3746 Basilecnsis
619 3689 676 3746 ista
693 3681 820 3764 Gyraldi
837 3684 968 3760 Opcrnnr
985 3684 1083 3760 alitio,
1105 3705 1190 3760 qnam

89 3767 177 3829 lom
189 3767 336 3831 Gnarinrm
357 3773 483 3847 curarit,
504 3771 720 3850 typographicis
736 3773 881 3833 erroribus
898 3773 1124 3846 inquinatissima
1141 3772 1191 3846 sit,

103 3857 160 3928 ism
181 3858 290 3917 nomrit
310 3854 514 3916 Bronkhusins
535 3857 572 3917 acl
594 3856 723 3933 Propert.
744 3855 1013 3918 Libr.1.4.v.1.
1037 3857 1074 3915 ci.
1097 3854 1191 3931 Fray·

89 3940 118 4013 gt
138 3937 282 4015 Apparat.
296 3939 400 4003 Littcr.
414 3941 452 4003 T.
467 3939 524 4001 lll.
547 3963 577 4018 p.
591 3947 665 4003 ⁴4³.
709 3940 799 4002 latam
819 3943 944 4002 nominis
965 3942 1087 4001 formam
1109 3939 1191 4000 Var-

89 4044 105 4082 ι
127 4028 234 4099 iniuria
261 4026 387 4087 defendit
415 4024 471 4086 Er.
489 4025 561 4087 Otto
580 4028 609 4087 rl.
632 4027 666 4089 P.
690 4024 801 4087 Allcnc
820 4025 903 4087 Vsro
924 4024 997 4102 Gap.
1013 4025 1038 4086 l.
1060 4028 1087 4103 §.
1108 4033 1138 4086 3.
1160 4026 1191 4083 in

89 4105 191 4171 lotar.
211 4110 276 4172 Jnr.
298 4109 383 4172 Rom.
402 4109 473 4171 Vol.
486 4109 529 4171 V.
552 4135 582 4189 p.
601 4120 695 4175 1636.
717 4115 838 4186 eamque
862 4132 965 4171 vercor
994 4123 1027 4171 ut
1047 4123 1124 4172 recto
1145 4131 1191 4170 rc·

89 4198 176 4255 merit
198 4195 332 4273 Silligins
353 4199 382 4255 in
403 4194 511 4257 Catulli
528 4197 626 4260 carm.
637 4197 681 4258 X.
703 4219 731 4256 ι.
746 4205 775 4257 1.
797 4219 827 4272 p.
847 4203 897 4258 17.
942 4196 1054 4256 Passim
1076 4219 1105 4257 n.
1123 4192 1163 4255 V
1156 4218 1190 4256 n·

89 4283 150 4341 uin
170 4278 274 4341 Namis
294 4284 380 4342 scribi
403 4281 540 4364 Visos-us,
568 4285 730 4345 observarit
749 4280 940 4359 spanhemius
962 4280 990 4341 d.
1014 4278 1066 4343 Ua.
1089 4293 1119 4343 ct
1139 4279 1189 4345 Pr.

89 4365 441 4445 mmmmm

130 4487 171 4562 3)
203 4484 291 4567 Qua
320 4487 358 4548 dc
388 4485 502 4564 Vns-is,
536 4485 576 4549 1..
596 4483 683 4549 Varii
703 4489 890 4565 ramalibus,
923 4484 1066 4564 disputata
1086 4496 1190 4547 srsnts

89 4573 130 4633 iris
144 4569 249 4634 Doctis
266 4583 297 4634 ct
313 4574 344 4633 in
364 4572 597 4650 disceptationem
617 4595 651 4635 ac
671 4576 890 4637 controversiam
906 4575 1020 4651 cadunt,
1043 4593 1077 4634 ca
1096 4573 1191 4634 denuo

89 4661 212 4808 ΐίἴιο
241 4668 290 4735 at,
329 4658 425 4738 quoatl
455 4662 521 4737 cius
551 4658 618 4721 ficri
653 4671 783 4738 poterat,
817 4660 932 4723 lirmm
957 4660 1056 4724 madai
1077 4659 1109 4718 in
1129 4656 1191 4719 Ex·
1317 4654 1319 4661 ’
