2670 5294
451 260 499 309 un
527 258 662 309 cassro
692 258 910 308 PARMENSI·
1194 233 1268 305 249

97 436 258 527 partes
283 425 367 518 eius
391 432 545 496 sauna
559 421 731 519 fuerat,
763 419 948 495 Atheruts
972 417 1170 516 confugit:
1200 417 1272 493 ubi

102 542 309 621 concubia
332 552 466 632 nocte,
492 564 580 613 cum
598 537 927 613 sollicitudinibus
952 550 989 611 et
1015 536 1119 612 cieris
1140 551 1270 611 trienne

106 662 255 764 sopita
279 660 327 735 in
355 660 496 733 lectulo
519 660 686 753 jaceret,
723 654 965 729 existinuroit
991 659 1047 728 ad
1071 657 1270 730 revenire

109 779 323 857 lumniaern
338 776 509 873 ingentis
522 773 808 871 magnitudinis
815 827 829 864 ,
855 773 993 848 coloris
1008 774 1129 868 sethri,
1151 802 1270 875 spua-

113 900 250 975 lidum
283 898 407 970 barba
439 908 477 968 et
501 893 646 994 capillo
672 892 860 967 derrn'ssor
895 892 1268 994 interrogea-umque,

115 1017 309 1120 quisnam
333 1027 451 1108 esset,
477 1012 719 1112 respondisse
743 1015 979 1098 xenodochum.
1033 1014 1271 1088 Paterritus

118 1135 264 1211 deiude
287 1146 374 1207 tam
399 1146 501 1207 tetro
526 1131 635 1222 uisu,
662 1145 699 1207 et
719 1130 878 1205 nomine
896 1132 1111 1225 horrendo,
1138 1159 1270 1207 seruos

118 1252 375 1343 inclamauit,
410 1251 705 1350 sciscitatusque
730 1263 807 1343 est,
842 1249 880 1324 si
903 1276 1014 1349 quem
1039 1251 1132 1324 tulis
1157 1251 1270 1325 licebi-

119 1384 189 1447 tus
215 1383 287 1445 aul
320 1370 536 1444 intrantem
569 1369 786 1442 cubiculum
822 1382 893 1442 (tut
918 1383 1125 1442 exercentem
1149 1370 1271 1443 vidis-

119 1502 222 1565 sent.
285 1487 432 1585 Quibus
457 1485 780 1591 affirmantibus,
806 1485 1000 1559 nerninem
1023 1487 1118 1560 illuc
1144 1514 1270 1561 acces-

119 1608 241 1698 sisse,
267 1605 412 1681 iteram
437 1604 561 1706 quieti
582 1618 620 1678 et
635 1631 771 1679 somaro
789 1631 830 1679 se
846 1604 974 1695 dedit,
1002 1619 1119 1706 estque
1137 1607 1271 1678 eadem

121 1726 259 1801 anano
292 1728 376 1820 eius
411 1725 616 1799 obuersata
650 1735 707 1797 est
732 1723 886 1822 species.
938 1726 1102 1824 Itaque,
1117 1726 1272 1821 fugato

119 1870 283 1938 amano,
308 1845 441 1917 lunden
464 1841 678 1940 intrefferri
694 1841 815 1938 jussit
834 1868 1054 1942 puerosque
1080 1870 1107 1916 a
1132 1869 1173 1916 sc
1188 1843 1270 1917 dis·

121 1964 259 2037 cedere
291 1961 430 2037 uetuit.
488 1963 601 2034 Inter
636 1962 741 2034 hunc
773 1973 925 2034 noctem
958 1974 996 2034 et
1038 1963 1272 2062 supplicium

121 2080 270 2181 capitis
280 2133 295 2172 ,
322 2107 396 2181 qno
422 2107 511 2155 eum
540 2082 688 2155 Cacsar
712 2078 873 2183 effecit,
894 2082 1108 2178 paulu-lum
1134 2084 1271 2156 ‹edmo-

123 2200 222 2273 dum
256 2200 443 2298 temporis
475 2198 686 2273 intercessit
697 2198 787 2293 ³⁰).“
854 2199 924 2272 Cui
957 2199 1113 2295 quidem
1139 2226 1272 2275 narra-

123 2318 223 2392 tioni
248 2344 368 2416 ‹prsnn
393 2319 489 2391 nihil
516 2320 640 2392 obstet
656 2342 734 2414 quo
759 2316 885 2389 minus
908 2315 1024 2390 tidem
1049 2317 1270 2413 habeamus,

122 2437 256 2535 magni
286 2438 491 2537 gravisqsw
525 2437 665 2511 erroris
701 2435 893 2510 convictos
926 2441 1101 2509 tenemus
1127 2439 1272 2510 Horatii

125 2552 376 2650 Scholiastas,
419 2556 609 2647 dicentes,
661 2554 831 2629 Cassium
864 2555 1113 2627 Pannensem
1144 2553 1271 2629 fractis

126 2675 232 2773 apud
264 2674 460 2774 Philippos
494 2673 612 2748 Cassii
644 2680 683 2747 et
703 2672 817 2747 Bruti
841 2672 1010 2772 partibus
1035 2673 1206 2748 Athenas
1231 2698 1273 2748 se

127 2792 329 2867 contulisse
361 2794 492 2890 ibique
523 2791 766 2865 interfectum
799 2816 896 2866 esse.
926 2784 928 2788 '
955 2791 1042 2866 Jam
1069 2818 1155 2866 oiim
1182 2817 1273 2867 con-

127 2917 220 3003 stet,
264 2909 465 2985 Caesarem
505 2908 756 2985 Octavianum
796 2911 946 2986 devicto
986 2913 1089 3009 apud
1119 2912 1273 2986 Actium

127 3027 180 3101 Μ.
194 3028 358 3103 Antonio
383 3030 425 3102 in
448 3027 648 3105 Graeciam
673 3026 885 3126 profectum
911 3054 993 3103 esse
1018 3031 1067 3101 ad
1092 3053 1155 3103 res
1182 3055 1275 3104 con·

127 3146 336 3221 stituendas
378 3156 435 3240 et,
485 3172 574 3222 cum
608 3146 777 3221 Athenas
814 3149 1000 3240 venisset,
1048 3147 1194 3222 Cereris
1234 3158 1275 3222 et

128 3266 380 3365 Proserpinae
406 3266 523 3340 sacris
548 3265 736 3341 initiatum
761 3291 862 3358 esse3
900 3273 988 3340 sunt
1012 3267 1079 3363 qui
1105 3268 1273 3360 credaut,

128 3384 247 3480 illud,
282 3386 389 3484 quod
410 3385 582 3461 Valerius
607 3384 799 3460 Maximus
824 3383 1057 3475 narraverit,
1092 3383 1275 3457 aooidisse

218 3698 273 3765 36)
301 3690 387 3755 loon.
409 3690 549 3755 Veratius
575 3690 612 3752 ad
633 3690 710 3751 hunc
730 3688 845 3752 Valerii
866 3689 991 3751 Maximi
1012 3693 1109 3751 locum
1131 3700 1208 3750 recte
1231 3692 1275 3750 vi·

105 3776 190 3856 -ttt,
219 3777 297 3839 hone
319 3776 451 3838 cautius
476 3776 660 3838 Pinnensem
688 3787 830 3853 tamquam
859 3779 999 3853 insignem
1026 3775 1144 3837 Poetom
1166 3797 1276 3836 memo·

130 3874 224 3922 ntum
243 3883 310 3923 esse
330 3864 367 3923 ab
387 3862 524 3938 Horati03
547 3875 575 3923 at
597 3861 673 3923 Aba.
697 3860 854 3922 Torreuius
875 3861 1028 3921 Etruscum
1051 3874 1079 3920 et
1093 3860 1275 3922 Penneusem

130 3946 266 4009 castum
293 3969 347 4023 pro
372 3969 430 4007 nno
458 3948 615 4024 eodemque
642 3946 730 4007 habet
751 3943 857 4023 Poeta,
879 3960 907 4007 et
937 3949 973 4006 de
996 3947 1178 4006 multitudiue
1205 3952 1277 4008 scri·

129 4042 248 4109 ptorum
269 4036 333 4105 ejus
355 4043 508 4108 utrumqne
529 4032 645 4092 Horatii
666 4034 762 4092 locum
784 4034 978 4107 interpretanti
1000 4034 1056 4091 sibi
1073 4046 1158 4110 negot
1172 4037 1276 4109 opponi

130 4138 235 4195 posse,
264 4116 403 4180 Cassium
435 4115 617 4177 Parmensem
645 4118 731 4177 bellis
760 4118 892 4177 civilibus
919 4114 1078 4178 districtum
1107 4140 1164 4178 non
1185 4121 1276 4179 videri

130 4206 260 4279 potuim
287 4204 377 4263 mults
407 4205 545 4264 scribere.
595 4200 676 4282 Quid
697 4203 794 4279 enim,
823 4204 934 4278 inquit,
963 4226 1020 4263 uon
1042 4206 1165 4264 scrihere
1187 4206 1276 4264 mults

130 4290 224 4363 possit
250 4280 359 4364 homo,
394 4299 538 4365 utcunque
567 4298 740 4365 usurpatos,
780 4289 830 4363 qui
858 4302 934 4348 nunt
960 4294 1113 4367 scripsisse
1139 4288 1276 4349 ducentos

131 4372 219 4434 Ante
238 4372 336 4435 cibun
356 4396 475 4448 casus,
488 4396 492 4404 ’
504 4370 624 4436 totidem
644 4377 804 4434 umatus?
