2670 5294
396 292 447 343 nn
474 292 610 344 cassio
636 294 858 345 rannessa
1122 276 1199 349 267

46 453 175 529 moria
198 476 323 553 paene
348 454 487 531 deleto.
538 455 686 530 Deinde
712 454 863 530 etiamsi
886 481 967 531 non
988 462 1197 533 contende·

47 572 140 665 rim,
159 574 362 647 Horatirun
378 575 566 649 artissimo
583 573 771 649 amicitiae
788 577 941 651 vinculo
956 573 1199 676 conjunctum

47 690 170 767 irrisae
206 718 294 767 mum
330 691 459 767 Cassio
490 692 707 787 Parmensi,
753 719 869 792 quem
901 697 1108 771 verisimile
1143 706 1199 771 est

49 812 187 885 multis
219 812 277 884 illi
319 812 429 885 amris
463 819 586 886 aetate
623 814 873 911 praestitisse3
916 824 1046 888 tamen
1071 840 1199 914 neque

49 930 206 1029 publica
228 954 301 1005 nee
325 932 475 1029 privata
489 930 581 1032 fingi
597 932 882 1033 excogitarique
909 942 1038 1030 potest
1054 959 1198 1029 caussa,

51 1074 154 1147 (ntae
190 1050 394 1150 suspicioni
435 1052 563 1125 locrnn
598 1050 731 1145 faciat,
773 1052 932 1126 Poetam
962 1051 1200 1127 Vemrsimrm

50 1166 195 1243 iratum
219 1169 275 1242 illi
298 1168 416 1243 fuisse
441 1178 626 1269 tantoque
650 1194 768 1268 opere
798 1170 1009 1263 infensum,
1044 1181 1085 1246 ut
1110 1196 1200 1246 eum

49 1285 93 1361 in
118 1286 239 1386 Epist.
257 1286 320 1362 lv.
344 1288 475 1362 multis
501 1289 609 1362 aunis
633 1290 720 1387 post
744 1302 908 1364 mortem
934 1292 1071 1365 acerbe
1096 1292 1200 1365 vitu·

51 1414 206 1503 peraret
238 1430 284 1481 ao
314 1408 442 1506 palam
475 1408 665 1481 irrideret.
728 1409 828 1500 Quid
861 1404 991 1483 enim?
1023 1415 1199 1505 uterque,

49 1522 144 1599 lieet
176 1522 337 1600 fortasse
379 1549 593 1624 numquam
636 1533 847 1600 castrorum
887 1534 928 1599 et
964 1526 1200 1601 connibernii

48 1643 331 1719 necemudno
356 1642 601 1744 conjunctus,
638 1654 766 1719 tamen
791 1671 863 1745 pro
888 1669 966 1718 una
990 1646 1201 1742 eademque

42 1786 185 1837 caussa
215 1771 450 1863 pugnaverat
482 1771 522 1838 et
546 1772 676 1840 eontra
706 1764 948 1840 Triumviros
965 1787 1078 1867 *arma
1102 1764 1201 1837 tule-

39 1888 126 1957 rat.
177 1880 391 1957 Parmensis
415 1883 458 1957 in
482 1884 616 1977 rebus,
643 1909 740 1983 quam
758 1885 832 1983 ipsi
848 1885 1044 1956 mandatae
1060 1890 1199 1974 essent,

35 1999 364 2077 administrandis
397 2002 560 2076 alacrem
596 2028 637 2077 se
669 2012 942 2099 strenuumque
969 2002 1199 2095 ostenderat,

36 2126 112 2215 ot,
147 2120 215 2193 ubi
240 2144 371 2195 caussa
396 2122 580 2196 libertatis
607 2129 690 2219 post
717 2122 835 2195 sossii
860 2129 899 2195 et
923 2120 1030 2193 Bruti
1055 2120 1200 2194 obitum

36 2238 92 2313 in
127 2262 320 2313 smnmrrm
354 2242 514 2314 adducta
547 2250 649 2315 esset
680 2241 900 2331 discrimen,
935 2239 1093 2311 minime
1118 2236 1201 2310 ani-

36 2382 164 2435 mum
196 2358 460 2458 desponderat.
519 2360 625 2452 Quae
656 2360 812 2456 quidem
838 2357 973 2457 agendi
998 2356 1096 2428 ratio
1122 2379 1201 2428 non

42 2484 205 2577 poterat
239 2478 332 2576 quin
364 2476 513 2551 Horatii
558 2478 730 2551 animum
765 2476 888 2550 studio
923 2472 1026 2574 ejus,
1069 2497 1200 2546 amore

47 2604 173 2695 etque
202 2596 451 2670 admiratione
484 2596 687 2671 imbueret.
750 2594 965 2669 Pamnansis
999 2592 1200 2665 uarasiemt

51 2715 213 2813 quidem
237 2716 285 2789 ad
310 2714 421 2790 Sext.
441 2711 690 2815 Pompejrum
717 2722 757 2788 at
781 2737 911 2789 nonne
936 2714 1038 2787 idem
1062 2710 1201 2786 lecerat

53 2830 261 2934 Pompeius
294 2830 520 2934 Grosphus?
562 2834 613 2907 Et
646 2842 830 2931 tarantum
863 2829 979 2932 hujus
1016 2830 1202 2906 commili-

58 2952 154 3027 tanis
178 2954 303 3027 reditu
326 2954 487 3027 laetatur
512 2962 627 3051 atquo
652 2954 820 3027 exsultat
833 2950 1011 3025 Horatius
1032 2948 1201 3021 Libr.ll.

66 3062 143 3147 (lde
162 3072 218 3145 Ἠ
252 3070 363 3146 Idem
396 3072 461 3145 ille
499 3073 709 3145 tradiderat
742 3097 784 3147 se
816 3071 868 3144 M.
891 3070 1081 3145 Antonio:
1122 3094 1201 3143 non

65 3198 119 3263 an
140 3192 245 3289 quod
270 3214 358 3265 eam
382 3192 434 3266 ob
461 3216 630 3266 caussam
656 3214 793 3268 averso
820 3215 843 3264 a
865 3188 1061 3263 Parmensi
1086 3187 1203 3260 luisse

58 3307 186 3384 animo
211 3312 410 3385 credamus
433 3311 655 3404 Horatium,
691 3333 809 3409 quem
841 3314 987 3381 constet
1012 3314 1050 3379 et
1073 3306 1202 3402 ipsum

46 3416 121 3501 iti
149 3428 367 3505 Trirunviro
402 3428 542 3505 favisse
575 3437 613 3503 et
636 3430 738 3502 boue
764 3426 952 3525 cupirisse
960 3424 1018 3519 48).
1076 3422 1127 3496 Et
1150 3446 1202 3496 ne

42 3534 159 3623 forte
183 3549 410 3647 srnpieeris,
442 3547 641 3623 Horatium
666 3547 813 3645 privata
837 3545 1045 3643 impulsum
1071 3565 1202 3617 caussa

38 3652 187 3743 Canio
218 3667 434 3763 Parmensi,
469 3692 541 3743 suo
576 3669 772 3767 quondam
804 3663 1074 3758 commilitoni,
1116 3670 1202 3761 post

39 3860 269 3894 *Q—

145 4012 201 4085 48)
220 4006 303 4071 Vide
323 4032 398 4087 qum
417 4031 453 4072 aa
473 4010 511 4073 de
530 4032 564 4072 ra
584 4010 646 4071 dixi
666 4010 697 4069 in
718 4006 908 4071 commentat.
937 4005 976 4067 da
1002 4006 1123 4070 Iar-bita
1147 4010 1203 4071 Ti-

27 4087 191 4171 -qm‘s
208 4096 405 4157 Amudntora
425 4099 452 4173 §.
471 4104 502 4159 5.
523 4120 554 4174 p.
571 4103 645 4158 445.
659 4115 725 4172 οφ,
756 4097 806 4154 ubi
825 4098 908 4154 istius
926 4096 957 4153 in
979 4092 1024 4153 Μ.
1042 4095 1203 4157 Antonium

26 4146 165 4241 *aab
178 4200 308 4241 messam
323 4184 454 4259 inprimis
462 4185 582 4259 repetivi
596 4203 635 4243 ex
650 4184 755 4241 artiore
770 4181 971 4255 familiaritate,
994 4202 1068 4255 quae
1081 4180 1203 4242 Horatio

26 4238 153 4327 Q
177 4268 292 4329 ridetur
319 4288 383 4329 curn
409 4267 481 4330 1qu
500 4270 654 4347 Asconio,
682 4266 843 4330 triumviri
863 4265 945 4349 tilio,
976 4266 1013 4328 de
1033 4290 1092 4345 quo
1113 4288 1203 4344 expo·

27 4334 148 4415 Q
165 4364 212 4417 ast
230 4356 264 4417 in
282 4350 410 4417 hcm.
423 4351 469 4417 V.
