2670 5294
148 725 202 803 46
504 744 554 796 nr
582 746 618 795 ι.
635 745 761 798 vauro
790 744 935 797 rosan.

149 911 286 989 cohors
311 908 493 1002 Varirnn,
527 932 693 1010 eumpse
718 933 835 1009 quarn
858 918 993 985 tenero
1019 907 1220 1023 complexa
1239 906 1280 982 sit

148 1054 281 1122 amore
306 1032 417 1105 docet
441 1054 480 1104 v.
497 1028 563 1102 93.

197 1147 400 1225 Fient-ibas
423 1145 488 1222 hic
516 1144 560 1224 V
552 1146 667 1222 arius
693 1144 858 1223 discedit
881 1158 1052 1224 racana
1076 1145 1228 1223 cm‘wis.
1330 1196 1333 1203 -

530 1316 535 1323 ¹
671 1356 767 1445 §.a

252 1508 580 1602 Quemadmodum
623 1508 838 1584 studiomm
878 1506 1086 1584 similitudo
1124 1505 1282 1600 Variam,

150 1628 350 1730 Virgilium
375 1637 415 1703 et
429 1628 630 1702 Horatium
656 1624 930 1729 conjunxerat,
955 1627 1010 1701 ita
1025 1616 1192 1702 'eosdem
1205 1650 1285 1702 con·

149 1750 322 1824 siliarum
353 1748 396 1821 in
434 1748 490 1822 eis
524 1748 730 1822 tractandis
765 1771 972 1823 consensus
1005 1747 1191 1839 stratio,
1224 1766 1287 1845 qna

148 1874 352 1970 poetar-run
387 1865 624 1942 Graeoonnn
655 1867 739 1942 vim
771 1874 812 1942 et
836 1867 1021 1943 virtrrtem
1046 1888 1165 1964 quam
1189 1870 1288 1965 pote

148 1994 236 2062 rant
271 1984 440 2061 maxime
475 2009 638 2085 aequare
672 1985 985 2079 comitabantur,
1028 2008 1101 2084 per
1144 2004 1288 2058 omnen

148 2108 269 2184 vitam
295 2102 518 2205 conjunctos
544 2106 719 2180 tenebat:
770 2102 866 2179 Erat
889 2104 983 2181 haec
1008 2103 1289 2179 triumvironm

149 2224 314 2301 amicitia
348 2223 561 2296 studiorum
593 2224 833 2320 poetioorrnn
867 2222 1124 2315 feracissima,
1172 2242 1288 2321 neque

149 2343 265 2417 adlius
291 2340 500 2419 malevolae
526 2341 812 2417 obtrectationis
838 2350 905 2416 aut
919 2341 1085 2418 invidiae
1102 2340 1193 2415 labe
1208 2362 1289 2414 con·

149 2470 267 2556 tacta,
301 2482 417 2559 quam
440 2460 602 2560 pulchre
627 2459 827 2560 descripsit
851 2460 1033 2536 Martialis
1057 2459 1169 2534 [aibr.
1192 2452 1286 2532 Vlll·

151 2579 281 2683 Epist·
301 2581 362 2654 ¹8·
515 2672 518 2676 ,

202 2694 248 2776 Si
270 2711 343 2774 tua
350 2752 365 2791 ‚
396 2695 546 2788 cirini,
572 2723 734 2799 promas
758 2699 1048 2800 epigrammata
1071 2700 1206 2795 rorigo,
1326 2724 1333 2803 f

285 2820 328 2897 V
322 2819 360 2893 el
381 2842 530 2892 amcam
550 2817 683 2917 possis
690 2871 704 2909 ,
740 2821 803 2893 vel
823 2818 936 2921 prior
961 2818 1048 2919 ipse
1072 2816 1152 2913 legi
1157 2846 1171 2908 3
1328 2800 1333 2881 'J

203 2939 278 3013 Sed
301 2936 377 3012 tibi
399 2949 538 3011 tantus
562 2935 664 3010 inest
688 2936 828 3012 veteris
851 2951 1049 3038 respectam
1074 2934 1231 3026 amici*

285 3056 425 3134 Carior
449 3068 495 3129 at
519 3080 607 3128 rasa
633 3055 708 3146 sit,
736 3083 854 3157 paam
880 3064 956 3131 taa'
966 3058 1095 3155 fama
1119 3053 1206 3129 tibi.

110 3240 113 3245 .
206 3175 270 3252 Sic
292 3176 411 3250 Marc
435 3199 506 3248 acc
534 3173 696 3249 Calabri
719 3176 886 3250 tertiavit
910 3175 1092 3250 carraiaa
1117 3169 1262 3265 Flacci,

280 3292 513 3369 Pindaricos
538 3306 668 3366 rwsset
693 3320 782 3368 cam
806 3319 997 3395 superare
1021 3294 1169 3368 raudus.

126 3408 132 3420 ’
202 3418 256 3491 Et
284 3413 328 3493 V
322 3412 410 3488 ario
436 3409 549 3485 cessit
576 3411 756 3486 Romani
778 3415 897 3487 diade
921 3410 1117 3503 cothurni,

289 3534 419 3629 (laura
442 3542 571 3631 posset
601 3530 770 3626 Tragion
785 3531 946 3629 sortiar
971 3558 1038 3608 ore
1062 3528 1182 3630 loqui.

204 3650 366 3728 Auram
390 3662 428 3724 et
453 3675 545 3750 opes
572 3661 610 3722 et
624 3648 725 3722 rara
739 3651 934 3752 frequens
952 3648 1114 3724 donabit
1128 3647 1295 3739 maiam

286 3768 366 3866 (lui
388 3767 482 3843 velit
506 3766 665 3864 ingenio
691 3769 840 3862 cedere,
867 3796 987 3844 ramis
1012 3767 1099 3842 crit.
1292 3762 1296 3767 ’

256 3889 435 3964 lloratius
471 3889 518 3960 ab
558 3884 633 3963 hoc
669 3888 760 3964 inde
793 3896 968 3986 tempore
1008 3886 1154 3982 lyricae
1195 3881 1297 3985 poeti

154 4033 312 4113 operam
339 4010 430 4084 dare
456 4004 592 4102 coepit.
653 4006 805 4081 Primus
830 4006 942 4080 Latio
976 4006 1146 4081 ostendit
1170 4004 1298 4079 Parios

153 4132 326 4224 iambos,
379 4121 593 4202 Archilochi
642 4126 790 4202 animos
833 4148 1091 4223 ninnerosque
1137 4132 1298 4215 sesahc,

155 4250 324 4346 itomrpre
349 4243 526 4344 Sapphus
561 4251 603 4317 ct
633 4244 766 4318 Mosei
796 4245 946 4319 Musam
978 4242 1136 4317 Latinus
1165 4241 1300 4316 fidicen

155 4366 325 4467 vulgavit
332 4416 345 4457 ,
379 4371 423 4437 ut
456 4364 510 4439 ait
540 4361 648 4435 Libr.
665 4362 697 4434 Ι.
723 4362 843 4461 Epist.
866 4365 926 4437 19.
952 4362 1107 4463 Epodos
1133 4360 1301 4435 enimet

155 4485 278 4583 lyrica
312 4482 480 4558 carmina
509 4477 588 4583 jam
612 4482 703 4556 inde
729 4483 777 4556 ab
804 4506 905 4556 anno
930 4482 977 4555 U.
1003 4480 1046 4555 G.
1069 4481 1160 4554 710.
1188 4474 1301 4553 scribi

157 4606 206 4680 ab
231 4626 280 4678 eo
304 4610 343 4677 et
367 4602 515 4702 wlgari
540 4610 675 4700 coepta
699 4626 804 4696 esse,
838 4601 1007 4702 singula,
1044 4623 1143 4698 prae
1169 4620 1304 4696 super·

160 4731 270 4827 sunt,
321 4720 488 4799 oannina
533 4721 723 4797 evincrmt.
800 4721 847 4795 In
888 4721 949 4795 his
991 4720 1133 4818 lyricae
1176 4714 1304 4818 poesis

158 4844 279 4923 veluti
314 4839 540 4918 rudimentis
566 4840 712 4914 studuit
746 4841 967 4941 aequalibus
999 4840 1191 4941 probare,
1225 4861 1307 4937 quo
