2686 5236
499 636 704 688 excussos
727 636 768 687 v.
1132 616 1207 691 347

10 834 14 881 ς
58 794 241 891 nomina,
275 796 414 896 quihus
445 792 634 895 majorem
666 807 756 873 natu
788 799 1054 900 minoremque
1088 800 1208 876 lilium

10 954 15 1000 ρ
58 912 218 992 Fuluiae
241 916 380 991 blande
405 917 627 1015 appellaret.
679 917 740 991 llli
765 942 907 992 nomen
923 920 1091 1018 Antylli,
1118 920 1208 995 huic
1324 980 1327 985 .

13 1076 20 1119 ς
60 1030 149 1129 Iuli
176 1034 378 1132 imposuitz
419 1044 625 1133 utrumque
659 1061 801 1112 nomen
836 1062 889 1113 ex
920 1038 1025 1114 fonte
1058 1037 1207 1113 Graeco

63 1151 221 1227 duchrm
236 1176 333 1248 esse,
359 1177 480 1251 aeque
504 1161 677 1251 apertum
701 1163 772 1249 est,
798 1164 914 1253 atrpre
930 1157 1056 1232 inesse
1070 1180 1207 1254 quam·

10 1320 27 1361 2
62 1270 153 1345 dam
178 1272 329 1372 generis
352 1270 503 1370 paterni
527 1271 763 1371 maternique
793 1271 1035 1374 jactationem
1067 1282 1108 1349 et
1141 1297 1207 1347 sn-

60 1389 249 1487 perbiam.
291 1389 439 1463 Nomen
456 1387 716 1487 „Aratyllus“
740 1394 896 1470 obvium
924 1394 1080 1493 anaidem
1105 1392 1209 1490 apud

10 1564 23 1599 ,
63 1516 236 1583 veteres:
261 1510 314 1585 ita
338 1514 480 1594 Κόϊντος
496 1507 667 1594 Ἀντύλλος
691 1510 772 1586 sive
791 1512 979 1598 Ἀντύλλιος
1005 1512 1160 1612 quidam
1186 1533 1210 1584 a

10 1676 16 1687 ·
65 1622 300 1702 Gracchanis
325 1654 360 1704 a.
386 1630 432 1705 U.
459 1629 502 1702 G.
528 1629 619 1704 633.
649 1629 874 1706 interfectus
900 1638 1135 1705 memoratam
1159 1630 1209 1703 ab

62 1742 241 1843 Appiano
267 1749 306 1824 d.
331 1751 376 1823 B.
403 1747 446 1823 G.
471 1745 581 1821 Lihr.
606 1746 639 1821 I.
665 1773 699 1823 c.
726 1749 789 1823 25.
824 1758 865 1824 et
889 1774 913 1824 a
936 1749 1141 1823 Plutarcho
1166 1748 1210 1821 in

63 1860 147 1938 vit.
174 1862 217 1939 C.
244 1864 408 1941 Gracchi
431 1889 466 1941 c.
494 1866 577 1958 la,
610 1866 683 1940 nisi
716 1864 815 1942 forte
847 1875 1009 1965 utrmnre
1034 1869 1120 1942 loco
1145 1890 1210 1941 rc·

62 1985 288 2083 ponendum
317 1993 376 2059 est
400 1983 575 2069 Ἀπλλιος.
626 1984 800 2080 Antyllus
825 1985 1103 2062 Grammaticus
1127 1986 1210 2058 lau·

63 2100 180 2175 datur
195 2102 236 2177 in
253 2101 415 2180 Scholiis
432 2107 480 2180 ad
499 2104 786 2199 Thucydidem:
813 2105 887 2180 vid.
907 2104 1098 2202 Popponis
1113 2102 1210 2177 Pro·

62 2218 206 2321 legem.
230 2222 272 2295 P.
300 2222 350 2297 ll.
377 2224 461 2299 Vol.
491 2224 525 2298 l.
551 2250 589 2321 p.
616 2224 678 2297 66.
741 2221 818 2298 Sed
844 2223 1060 2298 acutissime
1086 2220 1211 2320 suspi-

64 2346 176 2415 catus
191 2349 250 2415 est
265 2340 488 2417 Perizonius
496 2343 673 2415 Arsinnad.
685 2342 859 2417 llistorie.
869 2343 960 2441 Cap.
971 2341 1040 2415 lll.
1058 2367 1097 2439 p.
1108 2340 1209 2434 156.,

63 2481 152 2533 csse
174 2457 268 2533 ihud
294 2484 434 2535 nomen
459 2460 725 2552 iconomacho,
751 2459 905 2558 proprie
923 2459 1115 2533 Antrdlna
1138 2482 1211 2557 pro

62 2575 320 2669 Autcoillus,
346 2581 463 2677 idque
482 2605 505 2655 a
523 2580 678 2657 Graecis
696 2603 920 2675 expressum
936 2574 1209 2661 esse'llnoltog.

61 2694 156 2779 Jam
180 2697 267 2795 quis
294 2699 443 2774 dtrbitet
469 2725 558 2773 cum
581 2697 782 2773 Perizonio
809 2706 996 2790 statuere,
1022 2696 1075 2768 M.
1089 2697 1211 2773 Anto·

62 2815 177 2891 nium
199 2816 274 2890 hoc
300 2840 441 2891 nomen
466 2818 613 2892 dedisse
634 2816 711 2891 lilio
728 2813 885 2915 majori,
912 2823 957 2888 ut
974 2814 1211 2914 significaret,

63 2960 188 3037 genus
213 2944 253 3010 et
277 2960 419 3011 nomen
444 2962 558 3011 surnn
584 2935 731 3012 venisse
757 2936 805 3008 ab
832 2935 1003 3025 hutone,
1036 2934 1213 3009 Herculis

63 3048 176 3149 filio?
209 3080 247 3129 v.
273 3053 464 3130 Plutarch.
491 3082 524 3129 c.
553 3056 590 3128 4.
650 3053 748 3127 Huic
776 3052 945 3150 opinioni
969 3053 1213 3127 Drumannus

64 3172 109 3245 in
134 3172 277 3247 llistor.
302 3172 415 3248 Rom.
442 3173 555 3248 Tom.
582 3172 614 3247 Ι.
640 3199 681 3272 p.
708 3171 796 3246 519.
822 3170 867 3244 Ν.
896 3172 956 3243 21.
982 3167 1144 3265 frustra,
1179 3172 1212 3245 si

65 3290 163 3391 quid
180 3288 320 3391 indico,
347 3293 518 3392 opponit,
539 3291 746 3387 mythicam
761 3290 872 3363 istam
890 3289 1009 3389 gentis
1024 3289 1214 3367 Antoniae

65 3408 257 3511 originem
280 3405 359 3511 jam
383 3411 472 3485 satis
499 3410 729 3485 declaratam
754 3408 871 3483 fuisse
895 3408 1051 3482 nomine
1068 3409 1213 3510 gentili,

64 3535 312 3627 nequeam
345 3552 498 3604 carneae
529 3528 740 3627 quidquam
773 3549 978 3626 apparere,
1013 3528 1064 3602 oh
1097 3553 1214 3626 quam

67 3646 276 3747 scriptores
306 3648 471 3724 Romani
501 3649 575 3723 isto
615 3648 772 3722 nomine
812 3642 984 3717 unanimi
1026 3668 1214 3721 consensu

67 3766 332 3843 abstinuerint.
371 3767 426 3841 At
442 3767 547 3841 illud·
555 3788 697 3841 nomen
712 3788 786 3865 par
802 3763 1034 3857 ὕποκοριομὶο
1048 3762 1127 3838 fillo
1143 3762 1214 3837 tn·-

67 3885 209 3959 hntum
233 3893 275 3963 et
298 3908 474 3962 sermone
498 3885 675 3963 familiari
700 3910 773 3985 pro
790 3883 969 3960 Antonio
988 3890 1214 3981 usurpahrm

68 4010 141 4081 eat.
200 4003 287 4080 Non
318 4005 424 4081 anim
448 4004 629 4081 credibile
653 4004 823 4098 videtur,
859 4027 950 4080 eum
982 3988 1215 4102 appellatum

69 4146 158 4199 csse
172 4120 385 4199 Antullnm
401 4122 625 4201 Ananiam
648 4124 731 4200 sive
750 4121 972 4199 Antonium
987 4121 1213 4211 Aomdum,

67 4242 160 4319 licet
182 4241 226 4317 in
248 4241 426 4343 hnoript.
459 4266 523 4342 ap.
549 4242 761 4319 Gruterum
791 4267 831 4341 p.
858 4237 1126 4316 DCCCLXIV.
1154 4239 1217 4315 13.

69 4368 305 4437 mernoretur
341 4361 389 4459 Q.
421 4359 672 4437 Salvidrenns
707 4362 749 4438 G.
777 4359 828 4436 L.
853 4360 1058 4435 Antullae.
1118 4357 1217 4433 Cum

72 4486 202 4555 antem
232 4480 321 4573 ille,
356 4480 488 4579 primis
519 4480 703 4580 pueritiae
727 4480 838 4555 annis
863 4478 1057 4577 exceptis,
1093 4480 1216 4553 Roma

69 4621 224 4699 semper
247 4600 399 4675 abesset
415 4623 542 4698 neque
557 4601 633 4677 ulla
650 4622 696 4674 rc
712 4599 997 4691 inclaresceret,
1022 4598 1215 4672 caninam

73 4718 221 4797 aarum
244 4718 422 4814 habehit,
456 4719 490 4795 si
513 4719 609 4797 illud
633 4743 776 4797 nomen
799 4742 938 4819 pamma
961 4717 1218 4795 innotesceret
