2686 5236
1324 332 1334 547 i

166 607 242 685 sot
507 628 556 680 os
584 626 720 681 casoro
746 620 972 679 ramosa.
1323 558 1338 759 i

165 794 397 895 quaesitam,
448 800 488 867 et
536 793 576 865 in
618 791 735 865 totius
772 789 956 865 carminis
1009 787 1300 869 conformatione

165 938 329 1015 agnosco
353 913 571 1005 Horatium,
604 907 807 984 mirificum
831 908 1026 985 artificem
1053 922 1099 986 et
1124 912 1301 987 callidisu'-

165 1056 274 1107 mmn
291 1032 432 1132 ingenii
448 1029 664 1127 viritunqua
681 1050 836 1101 suanam
859 1027 1219 1124 dissimulatorem,
1240 1032 1303 1130 qui,

166 1153 260 1227 dmn
284 1151 472 1249 imparem
496 1170 540 1222 se
566 1147 719 1248 grandis
743 1146 958 1246 argumenti
980 1149 1223 1223 omninibus
1238 1173 1303 1225 essa

166 1267 384 1370 proditam,
412 1266 472 1343 vei
488 1267 659 1341 maxime
673 1287 804 1363 parem
820 1288 863 1339 se
880 1267 1066 1340 ostendat
1091 1290 1303 1366 omncmqu

166 1387 247 1463 vim
271 1385 388 1461 divini
412 1384 555 1484 ingenii
579 1385 639 1457 sui
664 1390 880 1483 expromat.
932 1382 1043 1457 Nihil
1059 1386 1303 1483 profectolno

167 1503 343 1580 carminis
358 1503 617 1603 descriptione
631 1510 756 1602 potest
771 1501 929 1601 cogitari
944 1502 1198 1580 artificiosum
1209 1504 1302 1579 nihii·

165 1646 241 1723 que
272 1622 340 1695 iila
373 1622 620 1697 conversione
652 1645 676 1696 a
707 1644 746 1695 v.
770 1620 822 1693 33
846 1644 933 1719 sqq.
969 1622 1024 1696 ad
1058 1620 1145 1699 Juli
1174 1623 1300 1699 Antonii

167 1742 321 1817 laudam
346 1741 608 1816 excellenfim.

268 1858 353 1934 Non
375 1882 440 1933 me
464 1859 664 1958 praeterit,
697 1858 770 1933 toti
794 1857 888 1934 indo
909 1861 1106 1937 carminis
1130 1863 1225 1963 parti
1244 1885 1301 1937 ex·

167 1988 334 2072 tremas,
369 2002 485 2076 quam
516 1984 670 2054 mecum
693 1977 900 2054 doctissimi
926 1980 1085 2079 quique
1111 1983 1232 2056 omnis
1251 2004 1299 2055 ac·

166 2097 252 2172 tatis
266 2097 342 2172 viri
360 2096 536 2172 admirati
560 2106 668 2194 sunt,
690 2120 814 2196 nuper
839 2101 1159 2175 controversiam
1181 2107 1298 2175 moun

167 2238 250 2289 esse
274 2237 298 2288 a
320 2213 606 2314 Peerlkampio,
641 2217 709 2317 qui
739 2215 953 2317 genuinum
979 2217 1140 2293 Horatii
1171 2242 1299 2295 earnm

166 2334 217 2407 de
242 2331 417 2407 laridibns
438 2333 593 2409 Pindari
617 2334 773 2433 stropha
793 2343 927 2410 octava
953 2337 1185 2412 absolutum
1206 2336 1299 2411 aco

81 2440 85 2459 ⁹
166 2451 361 2527 contendit
382 2451 437 2527 eis
463 2477 556 2526 usus
578 2453 810 2547 rationibus,
836 2477 932 2550 qtaaa
952 2478 1050 2529 cum
1065 2480 1163 2531 eura
1176 2456 1298 2531 exam·

166 2595 260 2645 nare
284 2570 346 2645 hio
375 2593 446 2644 noo
471 2579 580 2645 vacat
595 2596 667 2646 nec
682 2568 798 2670 juvat.
851 2573 1044 2647 Idunum
1063 2601 1150 2649 non
1164 2599 1298 2673 possum

166 2691 257 2788 quin
275 2688 338 2764 hic
358 2691 584 2763 admoneam
598 2699 638 2763 ot
657 2691 786 2789 paucis
803 2692 1010 2791 exagitem,
1035 2696 1146 2791 quod
1160 2693 1230 2767 Vir
1245 2695 1297 2767 do

165 2809 361 2902 ctissimus,
387 2832 475 2882 cum
499 2833 537 2884 v.
555 2808 633 2901 33,
659 2809 728 2883 uid
743 2809 931 2883 Antonius
950 2811 1017 2883 ilie
1041 2826 1168 2911 pocta
1186 2813 1297 2912 appel·

165 2926 265 3000 latur
283 2935 323 3000 et
339 2926 407 2999 ubi
420 2926 547 3000 Acron
574 2950 729 3001 carmon
753 2923 836 3026 ejus
859 2928 1014 3027 epicum
1042 2932 1201 3025 laudat,
1226 2956 1298 3029 spu·

165 3046 265 3119 rium
280 3069 363 3120 esse
380 3045 534 3138 (fixerit,
560 3052 691 3119 temen
708 3069 797 3120 earm
810 3055 963 3144 poetam
976 3048 1104 3124 fuisse
1120 3051 1297 3139 concedat,

166 3163 255 3239 licet
281 3165 321 3236 iu
346 3163 476 3262 priore
503 3164 681 3239 carminis
699 3164 895 3239 horatiani
920 3173 1032 3263 parte
1058 3168 1160 3241 nihil
1184 3190 1298 3244 occur·

165 3290 244 3375 rat,
270 3283 373 3378 quod
398 3307 470 3359 nos
495 3284 542 3358 de
560 3294 675 3383 poeta
692 3285 856 3386 cogitare
873 3280 1017 3385 jubeat.
1072 3287 1200 3362 Porro
1215 3287 1299 3360 idem

163 3399 452 3498 Peerlkampius
484 3404 533 3476 ad
566 3428 605 3478 v.
640 3406 699 3498 2.,
732 3404 801 3477 ubi
832 3402 960 3477 Acron
993 3412 1037 3478 et
1071 3404 1299 3504 Porphyrion

162 3519 370 3618 perspicuis
395 3521 522 3597 verbis
555 3529 800 3617 attestantiu,
834 3520 934 3596 hano
960 3522 1079 3597 odam
1104 3525 1160 3599 ad
1183 3524 1297 3601 Julm

163 3638 388 3733 Antonium,
417 3640 623 3715 Triumviri
639 3639 778 3735 filium,
804 3641 984 3739 scriptam
1009 3663 1120 3737 esse,
1148 3642 1297 3719 auctori·

162 3766 281 3833 tatem
299 3757 627 3833 Scholiastarum
614 3785 656 3831 m
674 3758 834 3833 dubitrm
849 3766 980 3853 vocat,
1006 3769 1228 3862 negatque,
1250 3783 1297 3852 ca,

162 3901 262 3974 quae
288 3878 338 3951 de
363 3877 534 3952 doctrina
559 3887 598 3952 et
623 3877 772 3977 seriptis
796 3875 879 3978 ejus
895 3879 1119 4021 tradantur,
1145 3882 1204 3955 illi
1220 3905 1297 3955 con·

162 3996 315 4084 venire;
341 4003 472 4069 contra
488 3997 537 4069 ad
554 4021 592 4071 v.
603 3998 666 4071 26.
684 3997 852 4098 agnoscit
865 3933 1169 4073 Scholiastarum
1183 4000 1297 4090 fidem,

160 4136 284 4211 eaquo
307 4114 451 4206 utitru,
486 4123 531 4188 ut
561 4116 679 4190 alium
712 4112 827 4216 hrajus
858 4115 1025 4190 nominis
1052 4126 1214 4215 poetam
1237 4142 1298 4192 ex·

160 4230 344 4327 piscoso,
387 4231 612 4332 Horatiique
651 4233 762 4309 iaciat
793 4235 970 4310 amicum.
1029 4233 1137 4311 Ecce
1181 4245 1298 4313 autem

159 4346 287 4423 Acron
318 4352 367 4423 ad
398 4351 544 4426 Horatii
573 4353 735 4453 Epistol.
768 4355 818 4429 ad
843 4353 969 4429 Pison.
997 4376 1039 4429 v·
1066 4357 1160 4429 288.
1195 4356 1297 4430 haec:

158 4467 252 4557 „Et
283 4478 440 4562 togatas
464 4469 604 4545 Aelius
629 4470 799 4564 Lancia,
834 4469 1038 4548 Aratoniua
1063 4474 1228 4567 Rufio,
1261 4473 1298 4548 G.

160 4586 234 4680 (sio
258 4586 328 4686 leg.
356 4614 427 4684 pro
457 4591 544 4685 Co.)
569 4591 751 4666 Metiscus
757 4645 772 4684 ,
797 4589 1002 4691 Aframits
1008 4644 1024 4684 ,
1060 4590 1298 4694 Pomponius

160 4704 439 4805 scripserant.“
490 4709 719 4788 scholiastes
745 4709 860 4813 (iniq.
885 4709 999 4786 adh.
1026 4711 1055 4785 Ι.
1083 4711 1135 4788 ab
1163 4713 1296 4790 eisdem
