2670 5294
90 602 169 676 2l8
445 618 496 667 nr
522 616 663 667 tassio
689 612 917 665 rantum.

93 786 296 885 pminm.
322 780 500 855 Cassium
523 778 773 851 l'armenacm
797 776 840 849 in
858 774 996 850 Sicilia
1012 772 1136 849 lidmn
1150 798 1243 849 man.

94 906 189 977 siue
221 902 314 975 belli
338 923 612 996 armorumrpte
637 896 788 969 sociam
813 892 927 969 Sext.
955 892 1136 995 Pompeii
1157 892 1233 995 ejus

95 1046 173 1119 que
197 1022 315 1093 rebus
341 1019 394 1089 ilii
420 1016 549 1091 fractis
574 1016 759 1089 comitem
785 1012 899 1113 largae
918 1014 962 1087 in
979 1014 1113 1087 Asiam
1130 1014 1231 1089 fitissa

97 1142 261 1213 soctan«.
297 1138 413 1235 igimr
448 1134 563 1207 Sext.
597 1130 774 1232 Pompeji
809 1132 1032 1207 temeritate
1058 1141 1100 1207 et
1122 1135 1231 1209 invita

98 1282 188 1331 mm
204 1256 287 1327 atii«.
305 1254 550 1326 nobilissimis
557 1252 870 1325 Triumviroriun
885 1253 1132 1346 adversariis,
1149 1260 1229 1351 patr

98 1376 195 1449 lide.
221 1376 270 1445 a·l
296 1374 348 1443 ll.
375 1372 582 1444 Antoniana
605 1370 830 1463 tramierat,
869 1367 979 1469 eujus
1003 1372 1161 1445 veniam
1185 1372 1229 1445 lot

98 1494 247 1565 acilius
272 1491 522 1587 impetrabat,
563 1513 644 1586 quo
677 1490 800 1589 magis
825 1489 1041 1563 discordiae
1068 1498 1108 1563 et
1132 1488 1231 1563 iniri-

100 1610 213 1683 citiae
247 1610 350 1681 iuter
383 1609 596 1681 ‚intonituri
631 1616 671 1679 et
695 1606 900 1681 Caesarem
925 1604 1231 1683 Octavianumd

100 1728 231 1826 aliquo
255 1728 345 1801 inde
370 1738 546 1823 tempore
580 1726 742 1825 agitatae
766 1749 941 1800 crescere
974 1734 1019 1799 et
1043 1728 1164 1801 semel
1186 1728 1233 1801 ἰὴ·

101 1870 269 1944 nunque
304 1848 354 1919 ad
388 1847 535 1919 bellum
567 1852 743 1941 spectare
780 1850 998 1942 coeperant.
1063 1844 1234 1922 Deiecerat

102 1982 233 2039 autem
259 1966 308 2037 ad
332 1965 386 2037 tt.
413 1964 625 2038 Antonium
649 1986 751 2036 anno
777 1963 825 2036 U.
848 1964 892 2037 C.
911 1964 1001 2037 719.

205 2082 293 2157 Jam
326 2084 375 2154 ab
409 2083 484 2155 hoc
518 2084 611 2156 inde
644 2092 822 2179 tempore
854 2080 1009 2157 Cassius
1042 2082 1235 2159 Parmensis

104 2202 146 2273 in
177 2200 231 2273 ll.
261 2200 418 2274 Antonii
453 2201 639 2273 comitatu
662 2199 782 2274 fuisso
805 2201 979 2294 tidctur,
1014 2202 1237 2278 remottntl

104 2319 231 2411 Urbe,
272 2329 317 2391 ut
347 2328 453 2391 tutus
488 2328 591 2393 esset
631 2320 681 2392 al)
714 2320 774 2393 ira
807 2328 849 2393 et
884 2320 1057 2395 vindicta
1091 2321 1239 2396 Cacsatit

107 2434 330 2527 Oetatiani3
363 2462 493 2535 nerpte
518 2460 541 2511 a
565 2462 661 2511 vero
686 2438 890 2531 abhorret,
924 2462 1038 2532 eum,
1072 2441 1141 2539 qui
1167 2444 1241 2515 esset
1280 2490 1283 2511 .

107 2557 348 2631 aversissimo
373 2558 422 2629 al)
448 2558 515 2630 illo
541 2558 692 2650 auimo,
729 2558 958 2631 discordiam
983 2559 1090 2633 inter
1115 2570 1243 2633 utmm·

107 2700 186 2774 que
204 2676 469 2751 Triumvirtun
494 2676 644 2773 seriptis
668 2675 862 2773 minisque
887 2677 1094 2752 conflatam
1112 2679 1245 2753 auxisse

108 2796 233 2893 potius
267 2821 337 2869 sua
370 2820 488 2893 opera
520 2819 638 2891 quam
681 2795 847 2868 sedasse.
917 2796 1018 2870 Ntun
1047 2823 1123 2897 per
1147 2798 1247 2871 hoca

109 2922 263 3011 tempus
299 2916 459 3011 imperio
494 2914 617 2987 aliove
651 2936 814 2989 munere
838 2915 996 2989 militari
1019 2915 1178 2991 functus
1201 2917 1247 3005 sit,

109 3032 164 3103 uti
190 3053 213 3104 a
238 3033 344 3105 nullo
369 3033 555 3130 scriptore
580 3032 759 3105 traditum
783 3034 997 3131 reperitur,
1032 3035 1089 3109 ita
1113 3060 1164 3109 ne
1182 3033 1249 3110 veri

110 3148 268 3247 quidem
294 3150 418 3223 simile
443 3151 567 3245 est³⁵).
618 3150 672 3222 M.
692 3152 848 3225 Antonii
873 3153 1004 3226 amicis
1030 3162 1073 3229 et
1088 3154 1249 3229 satellitio

110 3267 344 3365 adscriptus,
380 3271 591 3343 maximam
624 3278 776 3368 partem
804 3271 1066 3347 Alexandriae
1093 3298 1250 3347 commo·

112 3392 216 3459 ratus
250 3395 290 3460 et
327 3388 405 3461 otio
448 3388 658 3485 litterisque
692 3388 837 3463 vixisse
873 3390 1152 3467 existimandus
1191 3398 1248 3467 est·

115 3503 213 3578 Cum
238 3516 366 3579 autem
391 3505 535 3579 bellum
561 3508 756 3605 utrimque
781 3515 999 3606 pararetur,
1033 3510 1089 3583 M.
1107 3508 1249 3585 Antonii

116 3634 236 3702 castra
251 3634 401 3700 secutus
427 3635 486 3699 est
511 3633 549 3698 et
574 3650 725 3726 pugnae
751 3628 801 3699 ad
826 3627 981 3700 Actitun
1008 3630 1045 3702 d.
1073 3629 1141 3704 IV.
1166 3629 1248 3703 lion.

116 3745 336 3845 Septemhr.
356 3768 390 3818 a.
404 3745 449 3817 U.
459 3744 501 3820 0.
511 3746 600 3819 723.
622 3745 847 3820 commissae
863 3746 1045 3840 interfuit,
1074 3757 1171 3823 teste
1184 3746 1249 3819 Va·

116 3867 211 3942 lerio
242 3865 413 3940 Maximo
448 3862 556 3937 Lihr.
575 3863 606 3937 Ι.
634 3887 669 3937 c.
687 3868 724 3938 7.
751 3889 790 3935 n.
817 3867 875 3937 7.:
909 3864 1069 3965 „Apud
1103 3865 1250 3942 Actium

117 3987 175 4060 Μ.
191 3981 363 4061 Antonii
372 3980 530 4083 fractio
555 3981 692 4083 opibus
698 4034 713 4073 ,
743 3981 904 4059 cassim
922 3984 1171 4077 Pometiam,
1194 3980 1252 4085 qui

118 4322 205 4383 illum
225 4322 364 4399 perfidiae
388 4332 418 4385 et
438 4323 542 4401 ingrati
563 4324 649 4383 animi
671 4332 784 4385 comat
805 4326 835 4383 in
856 4320 940 4385 Sext.
962 4322 1153 4404 Pompeiam,
1180 4346 1258 4403 quen

119 4404 219 4469 Mileti
229 4411 389 4487 jugulavitt
409 4409 470 4469 vid.
492 4409 632 4485 Velleius
654 4405 718 4469 Pat.
741 4410 824 4471 Libr.
837 4408 878 4471 ll.
901 4433 926 4473 c.
941 4418 994 4473 79.
1016 4414 1045 4490 §.
1064 4420 1097 4475 3.
1120 4426 1150 4473 ct
1168 4410 1259 4489 lntpp.

120 4488 160 4551 ad
179 4488 275 4551 Tanti
294 4491 405 4554 Annal.
427 4492 513 4556 Litr.
533 4491 559 4554 l.
580 4515 607 4555 c.
625 4502 657 4557 2.

208 4578 265 4649 tt)
291 4574 477 4641 Dmmannnr
506 4582 537 4639 in
567 4577 681 4641 Hister.
712 4576 799 4640 Rom.
821 4576 906 4640 Tom.
922 4576 964 4641 Η.
995 4602 1026 4657 p.
1044 4590 1120 4646 163.
1143 4586 1264 4644 nominat

120 4650 257 4743 Gratim
273 4656 458 4723 Parmenion
478 4662 524 4725 Μ.
543 4662 667 4729 Antonii
686 4666 834 4745 legatum:
855 4686 912 4742 qna
933 4670 1115 4747 auctoritate,
1137 4672 1244 4731 nucia.
