2670 5294
154 678 233 755 312
500 702 550 751 ns
577 697 714 753 cassio
740 700 964 751 rauranum.

156 892 196 965 p.
223 865 313 941 219.
347 864 448 941 banc
486 886 659 937 caussam
692 862 910 939 adscribere
940 861 991 937 L.
1022 862 1168 939 Manlio
1200 864 1281 943 Tor·

156 991 295 1083 quato,
341 983 516 1059 Consulis
549 980 647 1076 lilio,
692 1005 855 1080 eamque
895 991 983 1059 ante
1015 1007 1164 1058 aunum
1189 984 1231 1059 U.
1252 986 1283 1061 C.

157 1104 247 1179 708.
282 1111 407 1178 actam
439 1126 525 1178 csse
557 1102 648 1175 dioit
679 1129 719 1201 p.
743 1103 853 1195 213,
889 1102 980 1200 quia
1011 1102 1079 1179 bic
1103 1128 1223 1180 annau
1243 1106 1284 1180 ili

158 1220 205 1297 L.
232 1222 431 1320 Torquato
463 1219 596 1295 firissct
627 1218 766 1295 fatalis.
836 1221 886 1293 At
917 1220 1034 1296 valde
1068 1230 1220 1319 memo,
1257 1224 1285 1297 id

159 1342 261 1439 quod
288 1365 381 1439 pace
408 1339 487 1413 viri
512 1337 719 1412 doctissimi
743 1338 932 1432 dixerim,
958 1361 1010 1414 nc
1034 1364 1059 1414 a
1084 1366 1181 1417 vero
1195 1368 1286 1441 pror·
1329 1404 1331 1423 ,

159 1484 223 1533 sus
248 1458 502 1550 abcrmverit,
529 1481 553 1531 a
579 1456 846 1551 Tborbeclsio,
872 1466 915 1531 ut
939 1458 1113 1553 videtur,
1141 1461 1181 1535 in
1205 1461 1286 1535 irau-

158 1578 249 1653 dcm
273 1578 461 1653 inductus:
514 1577 644 1652 Cuivis
668 1576 773 1651 enim
796 1574 1044 1651 manicatum
1069 1588 1153 1672 est,
1185 1582 1287 1655 11013-

159 1695 255 1770 11030
280 1696 343 1773 hio
367 1694 474 1794 loqui
499 1696 548 1769 de
573 1719 726 1789 caussa,
759 1718 859 1793 quae
891 1718 939 1769 co
963 1695 1072 1795 ipso,
1107 1722 1189 1796 quo
1213 1698 1288 1773 sui·

160 1815 278 1890 bebat
302 1816 523 1915 epistolam,
549 1821 725 1913 tompore
749 1822 946 1915 ageraton·
988 1814 1080 1890 Jam
1102 1826 1289 1915 ratamque

159 1935 210 2009 de
234 1959 354 2031 armo,
391 1959 468 2033 «pro
500 1934 566 2009 illa
591 1932 752 2031 epistola
776 1933 987 2031 composita
1012 1934 1084 2029 sit,
1119 1936 1289 2027 statuitur,

160 2052 202 2125 id
234 2064 340 2129 certe
373 2054 479 2129 omni
513 2051 748 2128 dubitatione
782 2059 1006 2149 exemptum
1031 2061 1113 2147 est,
1154 2054 1290 2129 Pactam

162 2170 402 2271 Venusinam
435 2180 524 2246 ante
556 2194 670 2247 suum
702 2194 756 2245 cx
790 2194 916 2271 pugna
949 2164 1189 2271 Philippensi
1210 2173 1291 2249 redi·

161 2298 245 2365 tum
288 2291 385 2387 (vid.
413 2288 522 2365 Libr.
542 2289 593 2364 Π.
627 2287 748 2388 Epist.
770 2292 809 2363 2.
842 2315 881 2366 v.
906 2289 987 2385 51.)
1032 2292 1185 2367 nullum
1222 2316 1291 2367 cat·

160 2431 273 2502 men,
297 2411 441 2483 nedum
466 2409 565 2484 hanc
589 2408 786 2507 epistolam
812 2408 1007 2507 scripsisse
1032 2418 1074 2485 ct
1097 2413 1291 2513 evulgasse.

162 2524 262 2628 Ergo
294 2528 366 2601 ista
400 2528 547 2603 Moschi
582 2552 714 2602 caussa
748 2529 856 2602 nullo
890 2536 1000 2628 pacto
1036 2554 1061 2604 a
1092 2528 1144 2603 L.
1169 2530 1291 2604 Manlia

163 2645 384 2744 Torquato,
429 2647 606 2722 Consulis
637 2646 736 2740 lilio,
780 2647 841 2747 agi
872 2656 1037 2746 poterat.
1109 2647 1291 2725 Caeterum

161 2763 261 2839 banc
296 2791 451 2864 quoquo
484 2790 655 2841 caussam
687 2775 846 2865 propter
877 2767 1050 2841 Asinium
1081 2767 1291 2857 Pollionem,

162 2892 297 2982 pacata
331 2886 487 2960 demum
521 2885 673 2961 civitate
693 2883 932 2983 frequentius
957 2887 1158 2962 laboribus
1181 2887 1290 2962 forsa·

163 3005 269 3078 sibus
302 3013 519 3098 vacantem,
560 3003 698 3077 mediis
722 3006 886 3105 Augusti
909 3004 1139 3103 imperantis
1163 3015 1289 3105 tempe·

161 3122 269 3195 ribus
294 3124 425 3197 malim
450 3123 643 3223 assignari.
695 3125 884 3200 Facundia
908 3124 1100 3222 Torquati
1117 3122 1288 3200 Horatiani
1329 3196 1331 3233 ἶ

161 3240 322 3316 didiium
347 3251 511 3317 nonest
536 3242 629 3340 quin
655 3245 838 3318 demere
861 3243 963 3316 illius
988 3246 1177 3343 temporis
1197 3266 1287 3344 prae·

162 3362 273 3459 cipue
305 3363 347 3434 in
380 3362 633 3463 legitimarum
675 3370 716 3437 et
755 3362 925 3437 civilium
963 3365 1285 3439 controversiarum
1326 3370 1331 3411 ³

161 3480 381 3576 patrociniis
414 3490 567 3555 versata
601 3481 661 3555 sit.
721 3482 767 3556 In
803 3482 878 3557 hoo
911 3482 1017 3555 enim
1049 3505 1191 3583 genere
1220 3500 1282 3554 3030

160 3596 334 3696 inprimis
359 3595 518 3699 jactasse
560 3601 737 3675 videmus
777 3601 1004 3675 industriam
1038 3598 1220 3700 juventnn
1239 3596 1282 3671 fa-

160 3739 295 3791 vorem
334 3718 496 3818 Augusti
545 3719 797 3794 ambientium
840 3720 1037 3817 ipsiusque
1087 3720 1282 3819 exemplum

160 3836 447 3911 aemulantium.
509 3836 575 3912 Sic
608 3841 657 3913 ad
681 3838 826 3913 lulium
850 3838 1030 3931 Fleuum,
1070 3841 1140 3939 qui
1164 3850 1202 3914 ot
1222 3838 1283 3935 ipsc

159 3950 202 4026 in
235 3954 320 4028 aula
352 3954 510 4055 Aragusti
549 3955 723 4052 iivebat,
767 3959 899 4034 scribit
934 3958 1114 4034 Horatius
1146 3952 1283 4033 Libnl

160 4069 283 4170 Epist.
300 4073 338 4145 3.
362 4098 400 4148 v.
419 4076 505 4148 23.:

210 4194 287 4266 Seu
311 4190 489 4287 linguam
514 4193 665 4268 0000010
690 4194 825 4285 acuis,
852 4194 1069 4271 00001νί00
1091 4200 1189 4293 jura

209 4309 464 4408 Respondete
480 4338 632 4410 poros,
666 4338 738 4386 seu
761 4314 896 4388 condis
920 4316 1092 4391 mnubile
1113 4340 1270 4392 armeu-

158 4422 310 4501 Nollem
343 4429 459 4528 igitur
492 4430 714 4528 Torquatus
747 4432 814 4507 ille
847 4433 897 4508 ab
929 4432 1110 4513 Jacobsio
1134 4436 1290 4513 Leucon.

162 4540 305 4618 Venus.
331 4545 383 4619 Π.
418 4574 458 4646 p.
478 4549 542 4623 31.
570 4551 618 4625 01.
654 4576 694 4650 p.
721 4552 785 4625 33.
829 4553 1041 4650 appellatus
1084 4557 1292 4655 lnbitusquc

159 4668 260 4734 osset
283 4659 387 4737 suris
412 4669 625 4744 oonstdtus!
661 4671 712 4744 Ut
736 4693 832 4746 vero
856 4671 922 4746 ille
945 4671 1171 4769 Moschum,
1195 4694 1294 4752 veno·

158 4775 234 4851 ficii
257 4803 388 4877 mama,
414 4784 700 4865 defendendam
724 4791 954 4893 susciperet,
979 4790 1099 4895 baim
1121 4796 1184 4873 rei
1204 4814 1297 4873 cu·

113 4922 240 4984 A
