<?xml version="1.0" encoding="UTF-8"?>
<!DOCTYPE html PUBLIC "-//W3C//DTD XHTML 1.0 Transitional//EN"
    "http://www.w3.org/TR/xhtml1/DTD/xhtml1-transitional.dtd">
<html xmlns="http://www.w3.org/1999/xhtml" xml:lang="en" lang="en">
 <head>
  <title>
</title>
<meta http-equiv="Content-Type" content="text/html;charset=utf-8" />
  <meta name='ocr-system' content='tesseract 3.04.00' />
  <meta name='ocr-capabilities' content='ocr_page ocr_carea ocr_par ocr_line ocrx_word'/>
</head>
<body>
  <div class='ocr_page' id='page_1' title='image "./deluciivariietc00weicgoog_0220.png"; bbox 0 0 2670 5294; ppageno 0'>
   <div class='ocr_carea' id='block_1_1' title="bbox 94 613 912 690">
    <p class='ocr_par' dir='ltr' id='par_1_1' title="bbox 94 613 912 690">
     <span class='ocr_line' id='line_1_1' title="bbox 94 613 912 690; baseline -0.018 0"><span class='ocrx_word' id='word_1_1' title='bbox 94 613 172 690; x_wconf 84' lang='lat' dir='ltr'><strong><em>les</em></strong></span> <span class='ocrx_word' id='word_1_2' title='bbox 449 630 500 681; x_wconf 80' lang='lat' dir='ltr'><strong><em>ns</em></strong></span> <span class='ocrx_word' id='word_1_3' title='bbox 527 627 663 681; x_wconf 82' lang='lat' dir='ltr'><strong><em>csssse</em></strong></span> <span class='ocrx_word' id='word_1_4' title='bbox 690 624 912 678; x_wconf 72' lang='lat' dir='ltr'><strong><em>rasurum.</em></strong></span> 
     </span>
    </p>
   </div>
   <div class='ocr_carea' id='block_1_2' title="bbox 96 784 1265 4341">
    <p class='ocr_par' dir='ltr' id='par_1_2' title="bbox 96 784 1265 4341">
     <span class='ocr_line' id='line_1_2' title="bbox 96 784 1242 896; baseline -0.011 -22"><span class='ocrx_word' id='word_1_5' title='bbox 96 806 200 896; x_wconf 87' lang='lat' dir='ltr'><strong><em>ctus,</em></strong></span> <span class='ocrx_word' id='word_1_6' title='bbox 233 818 407 874; x_wconf 67' lang='lat' dir='ltr'><strong><em>casuum</em></strong></span> <span class='ocrx_word' id='word_1_7' title='bbox 430 790 607 870; x_wconf 81' lang='lat' dir='ltr'><strong><em>veneficii</em></strong></span> <span class='ocrx_word' id='word_1_8' title='bbox 630 796 831 867; x_wconf 76' lang='lat' dir='ltr'><strong>accusante</strong></span> <span class='ocrx_word' id='word_1_9' title='bbox 856 786 985 865; x_wconf 84' lang='lat' dir='ltr'><strong><em>Cassio</em></strong></span> <span class='ocrx_word' id='word_1_10' title='bbox 1011 784 1163 865; x_wconf 59' lang='lat' dir='ltr'><strong><em>&amp;vero</em></strong></span> <span class='ocrx_word' id='word_1_11' title='bbox 1188 784 1242 861; x_wconf 88' lang='lat' dir='ltr'><strong><em>di·</em></strong></span> 
     </span>
     <span class='ocr_line' id='line_1_3' title="bbox 97 907 1243 1010; baseline -0.013 -15"><span class='ocrx_word' id='word_1_12' title='bbox 97 926 222 1010; x_wconf 82' lang='lat' dir='ltr'><strong><em>ceret3</em></strong></span> <span class='ocrx_word' id='word_1_13' title='bbox 262 912 454 991; x_wconf 86' lang='lat' dir='ltr'><strong><em>consuluit</em></strong></span> <span class='ocrx_word' id='word_1_14' title='bbox 484 920 679 1005; x_wconf 88' lang='lat' dir='ltr'><strong><em>senatum,</em></strong></span> <span class='ocrx_word' id='word_1_15' title='bbox 720 909 813 1008; x_wconf 90' lang='lat' dir='ltr'><strong><em>quid</em></strong></span> <span class='ocrx_word' id='word_1_16' title='bbox 846 907 965 985; x_wconf 85' lang='lat' dir='ltr'><strong><em>efficii</em></strong></span> <span class='ocrx_word' id='word_1_17' title='bbox 995 908 1058 984; x_wconf 89' lang='lat' dir='ltr'><strong><em>sui</em></strong></span> <span class='ocrx_word' id='word_1_18' title='bbox 1083 914 1243 1009; x_wconf 73' lang='lat' dir='ltr'><strong><em>putarets</em></strong></span> 
     </span>
     <span class='ocr_line' id='line_1_4' title="bbox 98 1025 1245 1135; baseline -0.008 -24"><span class='ocrx_word' id='word_1_19' title='bbox 98 1034 281 1119; x_wconf 67' lang='lat' dir='ltr'><strong><em>satutari</em></strong></span> <span class='ocrx_word' id='word_1_20' title='bbox 303 1031 407 1135; x_wconf 76' lang='lat' dir='ltr'><strong><em>euim</em></strong></span> <span class='ocrx_word' id='word_1_21' title='bbox 432 1056 495 1121; x_wconf 88' lang='lat' dir='ltr'><strong><em>se,</em></strong></span> <span class='ocrx_word' id='word_1_22' title='bbox 530 1056 601 1121; x_wconf 80' lang='lat' dir='ltr'><strong><em>ase,</em></strong></span> <span class='ocrx_word' id='word_1_23' title='bbox 635 1026 674 1104; x_wconf 86' lang='lat' dir='ltr'><strong><em>si</em></strong></span> <span class='ocrx_word' id='word_1_24' title='bbox 694 1041 935 1128; x_wconf 67' lang='lat' dir='ltr'><strong><em>superesset,</em></strong></span> <span class='ocrx_word' id='word_1_25' title='bbox 961 1028 1133 1131; x_wconf 71' lang='lat' dir='ltr'><strong><em>eriperet</em></strong></span> <span class='ocrx_word' id='word_1_26' title='bbox 1158 1025 1245 1122; x_wconf 77' lang='lat' dir='ltr'><strong><em>iegi-</em></strong></span> 
     </span>
     <span class='ocr_line' id='line_1_5' title="bbox 101 1146 1246 1251; baseline -0.01 -22"><span class='ocrx_word' id='word_1_27' title='bbox 101 1158 174 1233; x_wconf 82' lang='lat' dir='ltr'><strong><em>bus</em></strong></span> <span class='ocrx_word' id='word_1_28' title='bbox 198 1178 331 1242; x_wconf 79' lang='lat' dir='ltr'><strong><em>reum3</em></strong></span> <span class='ocrx_word' id='word_1_29' title='bbox 356 1150 421 1225; x_wconf 82' lang='lat' dir='ltr'><strong><em>siu</em></strong></span> <span class='ocrx_word' id='word_1_30' title='bbox 446 1152 614 1239; x_wconf 84' lang='lat' dir='ltr'><strong><em>deesset,</em></strong></span> <span class='ocrx_word' id='word_1_31' title='bbox 649 1146 859 1241; x_wconf 72' lang='lat' dir='ltr'><strong><em>destituere</em></strong></span> <span class='ocrx_word' id='word_1_32' title='bbox 882 1174 932 1222; x_wconf 83' lang='lat' dir='ltr'><strong><em>ac</em></strong></span> <span class='ocrx_word' id='word_1_33' title='bbox 949 1148 1246 1251; x_wconf 80' lang='lat' dir='ltr'><strong><em>praedamnare</em></strong></span> 
     </span>
     <span class='ocr_line' id='line_1_6' title="bbox 102 1264 1245 1349; baseline -0.007 0"><span class='ocrx_word' id='word_1_34' title='bbox 102 1271 274 1349; x_wconf 58' lang='lat' dir='ltr'><strong><em>eceman</em></strong></span> <span class='ocrx_word' id='word_1_35' title='bbox 299 1268 606 1343; x_wconf 78' lang='lat' dir='ltr'><strong><em>existimaretur.</em></strong></span> <span class='ocrx_word' id='word_1_36' title='bbox 666 1264 716 1340; x_wconf 88' lang='lat' dir='ltr'><strong><em>Et</em></strong></span> <span class='ocrx_word' id='word_1_37' title='bbox 741 1268 1066 1343; x_wconf 73' lang='lat' dir='ltr'><strong><em>consentientibus</em></strong></span> <span class='ocrx_word' id='word_1_38' title='bbox 1094 1266 1245 1343; x_wconf 84' lang='lat' dir='ltr'><strong><em>univer·</em></strong></span> 
     </span>
     <span class='ocr_line' id='line_1_7' title="bbox 102 1386 1246 1487; baseline -0.009 -18"><span class='ocrx_word' id='word_1_39' title='bbox 102 1393 178 1487; x_wconf 86' lang='lat' dir='ltr'><strong><em>sis,</em></strong></span> <span class='ocrx_word' id='word_1_40' title='bbox 223 1389 321 1467; x_wconf 81' lang='lat' dir='ltr'><strong><em>sedit</em></strong></span> <span class='ocrx_word' id='word_1_41' title='bbox 356 1389 398 1463; x_wconf 91' lang='lat' dir='ltr'><strong><em>in</em></strong></span> <span class='ocrx_word' id='word_1_42' title='bbox 431 1387 621 1462; x_wconf 82' lang='lat' dir='ltr'>subselliis</span> <span class='ocrx_word' id='word_1_43' title='bbox 653 1410 726 1486; x_wconf 91' lang='lat' dir='ltr'><strong><em>per</em></strong></span> <span class='ocrx_word' id='word_1_44' title='bbox 759 1386 906 1486; x_wconf 81' lang='lat' dir='ltr'>aliquot</span> <span class='ocrx_word' id='word_1_45' title='bbox 938 1388 1073 1479; x_wconf 83' lang='lat' dir='ltr'><strong><em>horas3</em></strong></span> <span class='ocrx_word' id='word_1_46' title='bbox 1116 1409 1246 1463; x_wconf 74' lang='lat' dir='ltr'><strong><em>verim</em></strong></span> 
     </span>
     <span class='ocr_line' id='line_1_8' title="bbox 103 1504 1247 1607; baseline -0.003 -22"><span class='ocrx_word' id='word_1_47' title='bbox 103 1510 240 1586; x_wconf 86' lang='lat' dir='ltr'><strong><em>tacitns</em></strong></span> <span class='ocrx_word' id='word_1_48' title='bbox 282 1531 327 1583; x_wconf 92' lang='lat' dir='ltr'><strong><em>ao</em></strong></span> <span class='ocrx_word' id='word_1_49' title='bbox 368 1530 419 1582; x_wconf 92' lang='lat' dir='ltr'><strong><em>ne</em></strong></span> <span class='ocrx_word' id='word_1_50' title='bbox 457 1506 678 1580; x_wconf 80' lang='lat' dir='ltr'><strong><em>laudatione</em></strong></span> <span class='ocrx_word' id='word_1_51' title='bbox 721 1506 878 1604; x_wconf 88' lang='lat' dir='ltr'><strong><em>qnidam</em></strong></span> <span class='ocrx_word' id='word_1_52' title='bbox 908 1504 1078 1607; x_wconf 83' lang='lat' dir='ltr'><strong><em>judiciali</em></strong></span> <span class='ocrx_word' id='word_1_53' title='bbox 1121 1508 1247 1583; x_wconf 89' lang='lat' dir='ltr'><strong><em>date.“</em></strong></span> 
     </span>
     <span class='ocr_line' id='line_1_9' title="bbox 104 1621 1247 1728; baseline -0.005 -24"><span class='ocrx_word' id='word_1_54' title='bbox 104 1630 233 1728; x_wconf 82' lang='lat' dir='ltr'><strong><em>Atque</em></strong></span> <span class='ocrx_word' id='word_1_55' title='bbox 265 1625 409 1701; x_wconf 87' lang='lat' dir='ltr'><strong><em>sactum</em></strong></span> <span class='ocrx_word' id='word_1_56' title='bbox 439 1624 536 1698; x_wconf 86' lang='lat' dir='ltr'><strong><em>illud</em></strong></span> <span class='ocrx_word' id='word_1_57' title='bbox 577 1624 651 1699; x_wconf 85' lang='lat' dir='ltr'><strong><em>Dio</em></strong></span> <span class='ocrx_word' id='word_1_58' title='bbox 691 1621 841 1700; x_wconf 79' lang='lat' dir='ltr'>Cassius</span> <span class='ocrx_word' id='word_1_59' title='bbox 880 1627 1046 1728; x_wconf 85' lang='lat' dir='ltr'><strong><em>assignat</em></strong></span> <span class='ocrx_word' id='word_1_60' title='bbox 1079 1651 1184 1703; x_wconf 89' lang='lat' dir='ltr'><strong><em>anno</em></strong></span> <span class='ocrx_word' id='word_1_61' title='bbox 1207 1624 1247 1701; x_wconf 87' lang='lat' dir='ltr'><strong><em>U.</em></strong></span> 
     </span>
     <span class='ocr_line' id='line_1_10' title="bbox 101 1744 1247 1844; baseline -0.004 -20"><span class='ocrx_word' id='word_1_62' title='bbox 101 1744 151 1825; x_wconf 87' lang='lat' dir='ltr'><strong><em>·G.</em></strong></span> <span class='ocrx_word' id='word_1_63' title='bbox 177 1745 266 1823; x_wconf 80' lang='lat'><strong><em>745.</em></strong></span> <span class='ocrx_word' id='word_1_64' title='bbox 317 1744 404 1822; x_wconf 82' lang='lat' dir='ltr'><strong><em>Jam</em></strong></span> <span class='ocrx_word' id='word_1_65' title='bbox 428 1744 520 1819; x_wconf 91' lang='lat' dir='ltr'><strong><em>licet</em></strong></span> <span class='ocrx_word' id='word_1_66' title='bbox 543 1744 666 1844; x_wconf 85' lang='lat' dir='ltr'><strong><em>probe</em></strong></span> <span class='ocrx_word' id='word_1_67' title='bbox 691 1744 829 1842; x_wconf 87' lang='lat' dir='ltr'><strong><em>seiam,</em></strong></span> <span class='ocrx_word' id='word_1_68' title='bbox 855 1744 1018 1821; x_wconf 86' lang='lat' dir='ltr'><strong><em>Dionem</em></strong></span> <span class='ocrx_word' id='word_1_69' title='bbox 1043 1746 1150 1822; x_wconf 90' lang='lat' dir='ltr'><strong><em>baud</em></strong></span> <span class='ocrx_word' id='word_1_70' title='bbox 1168 1769 1247 1820; x_wconf 90' lang='lat' dir='ltr'><strong><em>raro</em></strong></span> 
     </span>
     <span class='ocr_line' id='line_1_11' title="bbox 105 1865 1248 1968; baseline -0.003 -25"><span class='ocrx_word' id='word_1_71' title='bbox 105 1890 181 1943; x_wconf 82' lang='lat' dir='ltr'><strong><em>res</em></strong></span> <span class='ocrx_word' id='word_1_72' title='bbox 195 1872 337 1968; x_wconf 85' lang='lat' dir='ltr'><strong><em>gestas,</em></strong></span> <span class='ocrx_word' id='word_1_73' title='bbox 379 1865 549 1966; x_wconf 85' lang='lat' dir='ltr'><strong><em>neglecto</em></strong></span> <span class='ocrx_word' id='word_1_74' title='bbox 582 1871 801 1964; x_wconf 89' lang='lat' dir='ltr'><strong><em>temporum</em></strong></span> <span class='ocrx_word' id='word_1_75' title='bbox 834 1865 991 1958; x_wconf 79' lang='lat' dir='ltr'><strong><em>eulina,</em></strong></span> <span class='ocrx_word' id='word_1_76' title='bbox 1028 1872 1248 1941; x_wconf 85' lang='lat' dir='ltr'><strong><em>connectere</em></strong></span> 
     </span>
     <span class='ocr_line' id='line_1_12' title="bbox 108 1982 1248 2084; baseline -0.002 -23"><span class='ocrx_word' id='word_1_77' title='bbox 108 1986 191 2061; x_wconf 83' lang='lat' dir='ltr'><strong><em>sela</em></strong></span> <span class='ocrx_word' id='word_1_78' title='bbox 216 1988 373 2061; x_wconf 90' lang='lat' dir='ltr'><strong><em>ductum</em></strong></span> <span class='ocrx_word' id='word_1_79' title='bbox 399 1982 661 2074; x_wconf 81' lang='lat' dir='ltr'><strong><em>similitudine3</em></strong></span> <span class='ocrx_word' id='word_1_80' title='bbox 695 1992 823 2058; x_wconf 87' lang='lat' dir='ltr'><strong><em>tamen</em></strong></span> <span class='ocrx_word' id='word_1_81' title='bbox 848 1992 938 2057; x_wconf 91' lang='lat' dir='ltr'><strong><em>sunt</em></strong></span> <span class='ocrx_word' id='word_1_82' title='bbox 962 1984 1036 2058; x_wconf 91' lang='lat' dir='ltr'><strong><em>alia</em></strong></span> <span class='ocrx_word' id='word_1_83' title='bbox 1061 2008 1163 2084; x_wconf 89' lang='lat' dir='ltr'><strong><em>quae</em></strong></span> <span class='ocrx_word' id='word_1_84' title='bbox 1185 2008 1248 2059; x_wconf 91' lang='lat' dir='ltr'><strong><em>no·</em></strong></span> 
     </span>
     <span class='ocr_line' id='line_1_13' title="bbox 108 2100 1247 2196; baseline -0.002 -17"><span class='ocrx_word' id='word_1_85' title='bbox 108 2106 170 2179; x_wconf 91' lang='lat' dir='ltr'><strong><em>bis</em></strong></span> <span class='ocrx_word' id='word_1_86' title='bbox 195 2105 402 2196; x_wconf 78' lang='lat' dir='ltr'><strong><em>suadeant,</em></strong></span> <span class='ocrx_word' id='word_1_87' title='bbox 429 2111 473 2175; x_wconf 90' lang='lat' dir='ltr'><strong><em>ut</em></strong></span> <span class='ocrx_word' id='word_1_88' title='bbox 497 2101 602 2175; x_wconf 89' lang='lat' dir='ltr'><strong><em>illam</em></strong></span> <span class='ocrx_word' id='word_1_89' title='bbox 627 2104 676 2177; x_wconf 92' lang='lat' dir='ltr'><strong><em>de</em></strong></span> <span class='ocrx_word' id='word_1_90' title='bbox 694 2100 880 2181; x_wconf 87' lang='lat' dir='ltr'><strong><em>veneficio</em></strong></span> <span class='ocrx_word' id='word_1_91' title='bbox 905 2103 1097 2178; x_wconf 84' lang='lat' dir='ltr'><strong><em>actionem</em></strong></span> <span class='ocrx_word' id='word_1_92' title='bbox 1122 2102 1247 2178; x_wconf 86' lang='lat' dir='ltr'><strong><em>mediis</em></strong></span> 
     </span>
     <span class='ocr_line' id='line_1_14' title="bbox 108 2219 1248 2323; baseline -0.003 -26"><span class='ocrx_word' id='word_1_93' title='bbox 108 2222 273 2323; x_wconf 80' lang='lat' dir='ltr'><strong><em>Augusti</em></strong></span> <span class='ocrx_word' id='word_1_94' title='bbox 306 2219 543 2319; x_wconf 86' lang='lat' dir='ltr'><strong><em>temporibus</em></strong></span> <span class='ocrx_word' id='word_1_95' title='bbox 574 2221 781 2298; x_wconf 85' lang='lat' dir='ltr'><strong><em>institutam</em></strong></span> <span class='ocrx_word' id='word_1_96' title='bbox 810 2221 1022 2299; x_wconf 79' lang='lat' dir='ltr'><strong><em>credamus.</em></strong></span> <span class='ocrx_word' id='word_1_97' title='bbox 1083 2221 1248 2296; x_wconf 88' lang='lat' dir='ltr'><strong><em>Primum</em></strong></span> 
     </span>
     <span class='ocr_line' id='line_1_15' title="bbox 103 2330 1247 2442; baseline -0.004 -24"><span class='ocrx_word' id='word_1_98' title='bbox 103 2339 214 2418; x_wconf 75' lang='lat' dir='ltr'><strong><em>euim</em></strong></span> <span class='ocrx_word' id='word_1_99' title='bbox 238 2338 406 2414; x_wconf 87' lang='lat' dir='ltr'><strong><em>dubitari</em></strong></span> <span class='ocrx_word' id='word_1_100' title='bbox 428 2330 536 2434; x_wconf 89' lang='lat' dir='ltr'><strong><em>licet,</em></strong></span> <span class='ocrx_word' id='word_1_101' title='bbox 562 2336 728 2417; x_wconf 78' lang='lat' dir='ltr'><strong><em>fuerime</em></strong></span> <span class='ocrx_word' id='word_1_102' title='bbox 752 2342 875 2418; x_wconf 86' lang='lat' dir='ltr'><strong><em>adhuc</em></strong></span> <span class='ocrx_word' id='word_1_103' title='bbox 898 2342 941 2415; x_wconf 90' lang='lat' dir='ltr'><strong><em>in</em></strong></span> <span class='ocrx_word' id='word_1_104' title='bbox 965 2341 1065 2418; x_wconf 82' lang='lat' dir='ltr'><strong><em>vivis</em></strong></span> <span class='ocrx_word' id='word_1_105' title='bbox 1083 2341 1247 2442; x_wconf 83' lang='lat' dir='ltr'><strong><em>Auguste</em></strong></span> 
     </span>
     <span class='ocr_line' id='line_1_16' title="bbox 109 2457 1248 2561; baseline -0.004 -26"><span class='ocrx_word' id='word_1_106' title='bbox 109 2461 324 2561; x_wconf 84' lang='lat' dir='ltr'><strong><em>imperante</em></strong></span> <span class='ocrx_word' id='word_1_107' title='bbox 356 2457 501 2534; x_wconf 87' lang='lat' dir='ltr'><strong><em>Nonius</em></strong></span> <span class='ocrx_word' id='word_1_108' title='bbox 535 2458 727 2558; x_wconf 80' lang='lat' dir='ltr'><strong><em>Asprenas</em></strong></span> <span class='ocrx_word' id='word_1_109' title='bbox 759 2460 987 2552; x_wconf 82' lang='lat' dir='ltr'><strong><em>Proconsu13</em></strong></span> <span class='ocrx_word' id='word_1_110' title='bbox 1026 2457 1112 2561; x_wconf 86' lang='lat' dir='ltr'><strong><em>ejus</em></strong></span> <span class='ocrx_word' id='word_1_111' title='bbox 1137 2460 1248 2533; x_wconf 79' lang='lat' dir='ltr'><strong><em>filiun</em></strong></span> 
     </span>
     <span class='ocr_line' id='line_1_17' title="bbox 111 2578 1248 2678; baseline -0.002 -24"><span class='ocrx_word' id='word_1_112' title='bbox 111 2586 243 2655; x_wconf 84' lang='lat' dir='ltr'><strong><em>autem</em></strong></span> <span class='ocrx_word' id='word_1_113' title='bbox 260 2602 463 2678; x_wconf 79' lang='lat' dir='ltr'><strong><em>perquam</em></strong></span> <span class='ocrx_word' id='word_1_114' title='bbox 496 2579 705 2655; x_wconf 84' lang='lat' dir='ltr'><strong><em>verisimile</em></strong></span> <span class='ocrx_word' id='word_1_115' title='bbox 737 2586 796 2654; x_wconf 90' lang='lat' dir='ltr'><strong><em>est</em></strong></span> <span class='ocrx_word' id='word_1_116' title='bbox 822 2588 903 2655; x_wconf 91' lang='lat' dir='ltr'><strong><em>tnm</em></strong></span> <span class='ocrx_word' id='word_1_117' title='bbox 928 2578 1103 2655; x_wconf 78' lang='lat' dir='ltr'><strong><em>flersrisse</em></strong></span> <span class='ocrx_word' id='word_1_118' title='bbox 1130 2587 1170 2655; x_wconf 91' lang='lat' dir='ltr'><strong><em>et</em></strong></span> <span class='ocrx_word' id='word_1_119' title='bbox 1194 2602 1248 2652; x_wconf 89' lang='lat' dir='ltr'><strong><em>ae·</em></strong></span> 
     </span>
     <span class='ocr_line' id='line_1_18' title="bbox 112 2696 1249 2800; baseline -0.002 -28"><span class='ocrx_word' id='word_1_120' title='bbox 112 2706 192 2773; x_wconf 91' lang='lat' dir='ltr'><strong><em>tate</em></strong></span> <span class='ocrx_word' id='word_1_121' title='bbox 218 2705 258 2772; x_wconf 85' lang='lat' dir='ltr'><strong><em>et</em></strong></span> <span class='ocrx_word' id='word_1_122' title='bbox 282 2699 401 2800; x_wconf 87' lang='lat' dir='ltr'><strong><em>gratia</em></strong></span> <span class='ocrx_word' id='word_1_123' title='bbox 426 2697 527 2797; x_wconf 89' lang='lat' dir='ltr'><strong><em>apud</em></strong></span> <span class='ocrx_word' id='word_1_124' title='bbox 542 2698 652 2771; x_wconf 90' lang='lat' dir='ltr'><strong><em>illum</em></strong></span> <span class='ocrx_word' id='word_1_125' title='bbox 675 2696 968 2798; x_wconf 86' lang='lat' dir='ltr'><strong><em>Imperatorem.</em></strong></span> <span class='ocrx_word' id='word_1_126' title='bbox 1018 2697 1172 2774; x_wconf 88' lang='lat' dir='ltr'><strong><em>Deinde</em></strong></span> <span class='ocrx_word' id='word_1_127' title='bbox 1191 2720 1249 2774; x_wconf 82' lang='lat' dir='ltr'><strong><em>ve·</em></strong></span> 
     </span>
     <span class='ocr_line' id='line_1_19' title="bbox 111 2814 1250 2920; baseline 0 -29"><span class='ocrx_word' id='word_1_128' title='bbox 111 2816 237 2892; x_wconf 86' lang='lat' dir='ltr'><strong><em>neficii</em></strong></span> <span class='ocrx_word' id='word_1_129' title='bbox 263 2817 409 2893; x_wconf 87' lang='lat' dir='ltr'><strong><em>crimen</em></strong></span> <span class='ocrx_word' id='word_1_130' title='bbox 426 2817 545 2918; x_wconf 83' lang='lat' dir='ltr'><strong><em>magis</em></strong></span> <span class='ocrx_word' id='word_1_131' title='bbox 570 2816 671 2890; x_wconf 89' lang='lat' dir='ltr'><strong><em>cadit</em></strong></span> <span class='ocrx_word' id='word_1_132' title='bbox 694 2817 735 2891; x_wconf 92' lang='lat' dir='ltr'><strong><em>in</em></strong></span> <span class='ocrx_word' id='word_1_133' title='bbox 760 2814 943 2917; x_wconf 85' lang='lat' dir='ltr'><strong><em>juvenem</em></strong></span> <span class='ocrx_word' id='word_1_134' title='bbox 960 2841 1074 2917; x_wconf 57' lang='lat' dir='ltr'><strong><em>mem</em></strong></span> <span class='ocrx_word' id='word_1_135' title='bbox 1090 2817 1136 2891; x_wconf 92' lang='lat' dir='ltr'><strong><em>in</em></strong></span> <span class='ocrx_word' id='word_1_136' title='bbox 1149 2840 1250 2920; x_wconf 82' lang='lat' dir='ltr'><strong><em>gren-</em></strong></span> 
     </span>
     <span class='ocr_line' id='line_1_20' title="bbox 113 2934 1252 3034; baseline -0.003 -24"><span class='ocrx_word' id='word_1_137' title='bbox 113 2937 173 3010; x_wconf 88' lang='lat' dir='ltr'><strong><em>dis</em></strong></span> <span class='ocrx_word' id='word_1_138' title='bbox 195 2936 323 3012; x_wconf 83' lang='lat' dir='ltr'><strong><em>virum</em></strong></span> <span class='ocrx_word' id='word_1_139' title='bbox 348 2936 500 3028; x_wconf 88' lang='lat' dir='ltr'><strong><em>aetatis,</em></strong></span> <span class='ocrx_word' id='word_1_140' title='bbox 534 2934 686 3034; x_wconf 73' lang='lat' dir='ltr'><strong><em>qualern</em></strong></span> <span class='ocrx_word' id='word_1_141' title='bbox 710 2958 866 3011; x_wconf 90' lang='lat' dir='ltr'><strong><em>necesse</em></strong></span> <span class='ocrx_word' id='word_1_142' title='bbox 891 2943 951 3012; x_wconf 90' lang='lat' dir='ltr'><strong><em>est</em></strong></span> <span class='ocrx_word' id='word_1_143' title='bbox 976 2936 1094 3011; x_wconf 87' lang='lat' dir='ltr'><strong><em>fuisse</em></strong></span> <span class='ocrx_word' id='word_1_144' title='bbox 1120 2944 1252 3011; x_wconf 89' lang='lat' dir='ltr'><strong><em>statue·</em></strong></span> 
     </span>
     <span class='ocr_line' id='line_1_21' title="bbox 111 3053 1253 3156; baseline -0.002 -27"><span class='ocrx_word' id='word_1_145' title='bbox 111 3078 199 3129; x_wconf 87' lang='lat' dir='ltr'><strong><em>mus</em></strong></span> <span class='ocrx_word' id='word_1_146' title='bbox 215 3054 490 3128; x_wconf 88' lang='lat' dir='ltr'><strong><em>Proconsnlem</em></strong></span> <span class='ocrx_word' id='word_1_147' title='bbox 516 3053 630 3128; x_wconf 90' lang='lat' dir='ltr'><strong><em>istum</em></strong></span> <span class='ocrx_word' id='word_1_148' title='bbox 650 3056 713 3130; x_wconf 85' lang='lat' dir='ltr'><strong><em>vel</em></strong></span> <span class='ocrx_word' id='word_1_149' title='bbox 729 3055 885 3131; x_wconf 88' lang='lat' dir='ltr'><strong><em>ineunte</em></strong></span> <span class='ocrx_word' id='word_1_150' title='bbox 901 3055 1064 3156; x_wconf 79' lang='lat' dir='ltr'><strong><em>Augusti</em></strong></span> <span class='ocrx_word' id='word_1_151' title='bbox 1083 3053 1253 3154; x_wconf 88' lang='lat' dir='ltr'><strong><em>imperio,</em></strong></span> 
     </span>
     <span class='ocr_line' id='line_1_22' title="bbox 113 3172 1254 3272; baseline -0.001 -26"><span class='ocrx_word' id='word_1_152' title='bbox 113 3173 155 3246; x_wconf 92' lang='lat' dir='ltr'><strong><em>id</em></strong></span> <span class='ocrx_word' id='word_1_153' title='bbox 186 3178 264 3266; x_wconf 84' lang='lat' dir='ltr'><strong><em>est,</em></strong></span> <span class='ocrx_word' id='word_1_154' title='bbox 305 3195 406 3246; x_wconf 89' lang='lat' dir='ltr'><strong><em>aune</em></strong></span> <span class='ocrx_word' id='word_1_155' title='bbox 439 3172 672 3247; x_wconf 77' lang='lat'><strong><em>11.0.725.</em></strong></span> <span class='ocrx_word' id='word_1_156' title='bbox 729 3173 905 3272; x_wconf 89' lang='lat' dir='ltr'><strong><em>Denique</em></strong></span> <span class='ocrx_word' id='word_1_157' title='bbox 938 3172 1094 3249; x_wconf 84' lang='lat' dir='ltr'><strong><em>Asinius</em></strong></span> <span class='ocrx_word' id='word_1_158' title='bbox 1127 3172 1254 3265; x_wconf 86' lang='lat' dir='ltr'><strong><em>Pollio,</em></strong></span> 
     </span>
     <span class='ocr_line' id='line_1_23' title="bbox 112 3289 1256 3391; baseline -0.001 -27"><span class='ocrx_word' id='word_1_159' title='bbox 112 3291 182 3391; x_wconf 88' lang='lat' dir='ltr'><strong><em>qni</em></strong></span> <span class='ocrx_word' id='word_1_160' title='bbox 200 3289 365 3367; x_wconf 83' lang='lat' dir='ltr'><strong><em>Nonium</em></strong></span> <span class='ocrx_word' id='word_1_161' title='bbox 390 3290 564 3367; x_wconf 87' lang='lat' dir='ltr'><strong><em>veneficii</em></strong></span> <span class='ocrx_word' id='word_1_162' title='bbox 589 3316 700 3366; x_wconf 90' lang='lat' dir='ltr'><strong><em>reum</em></strong></span> <span class='ocrx_word' id='word_1_163' title='bbox 726 3291 915 3387; x_wconf 83' lang='lat' dir='ltr'><strong><em>defendit,</em></strong></span> <span class='ocrx_word' id='word_1_164' title='bbox 947 3299 1079 3391; x_wconf 89' lang='lat' dir='ltr'><strong><em>pacata</em></strong></span> <span class='ocrx_word' id='word_1_165' title='bbox 1106 3292 1256 3367; x_wconf 89' lang='lat' dir='ltr'><strong><em>demum</em></strong></span> 
     </span>
     <span class='ocr_line' id='line_1_24' title="bbox 114 3407 1257 3509; baseline 0.001 -25"><span class='ocrx_word' id='word_1_166' title='bbox 114 3407 269 3485; x_wconf 87' lang='lat' dir='ltr'><strong><em>civitate</em></strong></span> <span class='ocrx_word' id='word_1_167' title='bbox 292 3408 416 3484; x_wconf 89' lang='lat' dir='ltr'><strong><em>labori</em></strong></span> <span class='ocrx_word' id='word_1_168' title='bbox 442 3409 583 3484; x_wconf 85' lang='lat' dir='ltr'><strong><em>forensi</em></strong></span> <span class='ocrx_word' id='word_1_169' title='bbox 615 3435 845 3509; x_wconf 88' lang='lat' dir='ltr'><strong><em>reornmqne</em></strong></span> <span class='ocrx_word' id='word_1_170' title='bbox 871 3410 1160 3486; x_wconf 87' lang='lat' dir='ltr'><strong><em>defensionibus</em></strong></span> <span class='ocrx_word' id='word_1_171' title='bbox 1185 3408 1257 3485; x_wconf 82' lang='lat' dir='ltr'><strong><em>fte-</em></strong></span> 
     </span>
     <span class='ocr_line' id='line_1_25' title="bbox 114 3526 1259 3629; baseline 0.002 -30"><span class='ocrx_word' id='word_1_172' title='bbox 114 3526 355 3625; x_wconf 89' lang='lat' dir='ltr'><strong><em>quentierem</em></strong></span> <span class='ocrx_word' id='word_1_173' title='bbox 380 3528 532 3604; x_wconf 89' lang='lat' dir='ltr'><strong><em>videtur</em></strong></span> <span class='ocrx_word' id='word_1_174' title='bbox 556 3553 716 3606; x_wconf 88' lang='lat' dir='ltr'><strong><em>navasse</em></strong></span> <span class='ocrx_word' id='word_1_175' title='bbox 733 3555 910 3629; x_wconf 86' lang='lat' dir='ltr'><strong><em>operam:</em></strong></span> <span class='ocrx_word' id='word_1_176' title='bbox 937 3530 1017 3606; x_wconf 77' lang='lat' dir='ltr'><strong><em>vid.</em></strong></span> <span class='ocrx_word' id='word_1_177' title='bbox 1044 3531 1156 3605; x_wconf 87' lang='lat' dir='ltr'><strong><em>Auct.</em></strong></span> <span class='ocrx_word' id='word_1_178' title='bbox 1174 3528 1259 3602; x_wconf 87' lang='lat' dir='ltr'><strong><em>Dia·</em></strong></span> 
     </span>
     <span class='ocr_line' id='line_1_26' title="bbox 114 3643 1260 3747; baseline 0.001 -27"><span class='ocrx_word' id='word_1_179' title='bbox 114 3645 191 3747; x_wconf 87' lang='lat' dir='ltr'><strong><em>log.</em></strong></span> <span class='ocrx_word' id='word_1_180' title='bbox 225 3647 275 3723; x_wconf 91' lang='lat' dir='ltr'><strong><em>de</em></strong></span> <span class='ocrx_word' id='word_1_181' title='bbox 309 3643 431 3721; x_wconf 89' lang='lat' dir='ltr'><strong><em>Oratt.</em></strong></span> <span class='ocrx_word' id='word_1_182' title='bbox 467 3670 500 3723; x_wconf 83' lang='lat' dir='ltr'><strong><em>c.</em></strong></span> <span class='ocrx_word' id='word_1_183' title='bbox 525 3649 588 3723; x_wconf 88' lang='grc'><strong><em>38.</em></strong></span> <span class='ocrx_word' id='word_1_184' title='bbox 656 3649 802 3743; x_wconf 76' lang='lat' dir='ltr'><strong><em>Quibus</em></strong></span> <span class='ocrx_word' id='word_1_185' title='bbox 835 3652 884 3724; x_wconf 91' lang='lat' dir='ltr'><strong><em>de</em></strong></span> <span class='ocrx_word' id='word_1_186' title='bbox 918 3648 1060 3724; x_wconf 89' lang='lat' dir='ltr'><strong><em>caussis</em></strong></span> <span class='ocrx_word' id='word_1_187' title='bbox 1089 3649 1260 3739; x_wconf 90' lang='lat' dir='ltr'><strong><em>inducor,</em></strong></span> 
     </span>
     <span class='ocr_line' id='line_1_27' title="bbox 114 3764 1262 3864; baseline -0.001 -24"><span class='ocrx_word' id='word_1_188' title='bbox 114 3772 178 3857; x_wconf 85' lang='lat' dir='ltr'><strong><em>ut,</em></strong></span> <span class='ocrx_word' id='word_1_189' title='bbox 219 3764 320 3841; x_wconf 80' lang='lat' dir='ltr'><strong><em>facta</em></strong></span> <span class='ocrx_word' id='word_1_190' title='bbox 354 3767 404 3841; x_wconf 90' lang='lat' dir='ltr'><strong><em>eh</em></strong></span> <span class='ocrx_word' id='word_1_191' title='bbox 447 3767 530 3842; x_wconf 79' lang='lat' dir='ltr'><strong><em>aliis</em></strong></span> <span class='ocrx_word' id='word_1_192' title='bbox 577 3768 826 3864; x_wconf 87' lang='lat' dir='ltr'><strong><em>discessione,</em></strong></span> <span class='ocrx_word' id='word_1_193' title='bbox 869 3794 949 3843; x_wconf 91' lang='lat' dir='ltr'><strong><em>nen</em></strong></span> <span class='ocrx_word' id='word_1_194' title='bbox 987 3776 1065 3841; x_wconf 90' lang='lat' dir='ltr'><strong><em>tam</em></strong></span> <span class='ocrx_word' id='word_1_195' title='bbox 1098 3766 1262 3843; x_wconf 87' lang='lat' dir='ltr'><strong><em>Nonium</em></strong></span> 
     </span>
     <span class='ocr_line' id='line_1_28' title="bbox 112 3882 1262 3986; baseline 0.002 -29"><span class='ocrx_word' id='word_1_196' title='bbox 112 3882 365 3985; x_wconf 81' lang='lat' dir='ltr'><strong><em>‘Asprenatem</em></strong></span> <span class='ocrx_word' id='word_1_197' title='bbox 389 3886 684 3981; x_wconf 86' lang='lat' dir='ltr'><strong><em>Proconsnlem,</em></strong></span> <span class='ocrx_word' id='word_1_198' title='bbox 711 3912 827 3985; x_wconf 93' lang='lat' dir='ltr'><strong><em>quam</em></strong></span> <span class='ocrx_word' id='word_1_199' title='bbox 852 3885 936 3986; x_wconf 80' lang='lat' dir='ltr'><strong><em>ejus</em></strong></span> <span class='ocrx_word' id='word_1_200' title='bbox 961 3884 1083 3959; x_wconf 86' lang='lat' dir='ltr'><strong><em>filium</em></strong></span> <span class='ocrx_word' id='word_1_201' title='bbox 1097 3884 1262 3961; x_wconf 70' lang='lat' dir='ltr'><strong><em>Nonienn</em></strong></span> 
     </span>
     <span class='ocr_line' id='line_1_29' title="bbox 114 4000 1263 4102; baseline -0.003 -23"><span class='ocrx_word' id='word_1_202' title='bbox 114 4000 367 4101; x_wconf 76' lang='lat' dir='ltr'><strong><em>Asprenatem</em></strong></span> <span class='ocrx_word' id='word_1_203' title='bbox 393 4002 634 4102; x_wconf 87' lang='lat' dir='ltr'><strong><em>Torquatum</em></strong></span> <span class='ocrx_word' id='word_1_204' title='bbox 661 4006 808 4080; x_wconf 90' lang='lat' dir='ltr'><strong><em>circiter</em></strong></span> <span class='ocrx_word' id='word_1_205' title='bbox 833 4030 933 4081; x_wconf 77' lang='lat' dir='ltr'><strong><em>asino</em></strong></span> <span class='ocrx_word' id='word_1_206' title='bbox 959 4004 1005 4078; x_wconf 90' lang='lat' dir='ltr'><strong><em>U.</em></strong></span> <span class='ocrx_word' id='word_1_207' title='bbox 1031 4003 1074 4079; x_wconf 86' lang='lat' dir='ltr'><strong><em>C.</em></strong></span> <span class='ocrx_word' id='word_1_208' title='bbox 1098 4004 1192 4081; x_wconf 82' lang='lat'><strong><em>745.</em></strong></span> <span class='ocrx_word' id='word_1_209' title='bbox 1218 4004 1263 4077; x_wconf 88' lang='lat' dir='ltr'><strong><em>de</em></strong></span> 
     </span>
     <span class='ocr_line' id='line_1_30' title="bbox 113 4120 1265 4222; baseline -0.001 -25"><span class='ocrx_word' id='word_1_210' title='bbox 113 4120 300 4199; x_wconf 81' lang='lat' dir='ltr'><strong><em>veneficio</em></strong></span> <span class='ocrx_word' id='word_1_211' title='bbox 332 4122 567 4222; x_wconf 74' lang='lat' dir='ltr'><strong><em>pastinatum</em></strong></span> <span class='ocrx_word' id='word_1_212' title='bbox 600 4146 683 4198; x_wconf 88' lang='lat' dir='ltr'><strong><em>esse</em></strong></span> <span class='ocrx_word' id='word_1_213' title='bbox 718 4123 855 4200; x_wconf 90' lang='lat' dir='ltr'><strong><em>dicam.</em></strong></span> <span class='ocrx_word' id='word_1_214' title='bbox 928 4124 1049 4200; x_wconf 88' lang='lat' dir='ltr'><strong><em>Asinii</em></strong></span> <span class='ocrx_word' id='word_1_215' title='bbox 1082 4122 1265 4199; x_wconf 90' lang='lat' dir='ltr'><strong><em>Pollionis</em></strong></span> 
     </span>
     <span class='ocr_line' id='line_1_31' title="bbox 112 4234 1265 4341; baseline 0.003 -28"><span class='ocrx_word' id='word_1_216' title='bbox 112 4242 156 4313; x_wconf 80' lang='lat' dir='ltr'><strong><em>st</em></strong></span> <span class='ocrx_word' id='word_1_217' title='bbox 180 4234 300 4316; x_wconf 71' lang='lat' dir='ltr'><strong><em>Genii</em></strong></span> <span class='ocrx_word' id='word_1_218' title='bbox 325 4240 462 4318; x_wconf 84' lang='lat' dir='ltr'><strong><em>Severi</em></strong></span> <span class='ocrx_word' id='word_1_219' title='bbox 487 4242 529 4315; x_wconf 90' lang='lat' dir='ltr'><strong><em>in</em></strong></span> <span class='ocrx_word' id='word_1_220' title='bbox 553 4239 666 4341; x_wconf 86' lang='lat' dir='ltr'><strong><em>hujus</em></strong></span> <span class='ocrx_word' id='word_1_221' title='bbox 691 4242 805 4319; x_wconf 88' lang='lat' dir='ltr'><strong><em>Nonii</em></strong></span> <span class='ocrx_word' id='word_1_222' title='bbox 833 4269 964 4320; x_wconf 74' lang='lat' dir='ltr'><strong><em>eatrssa</em></strong></span> <span class='ocrx_word' id='word_1_223' title='bbox 989 4244 1162 4319; x_wconf 84' lang='lat' dir='ltr'><strong><em>actiones</em></strong></span> <span class='ocrx_word' id='word_1_224' title='bbox 1187 4242 1265 4317; x_wconf 91' lang='lat' dir='ltr'><strong><em>ele·</em></strong></span> 
     </span>
    </p>
   </div>
   <div class='ocr_carea' id='block_1_3' title="bbox 113 4354 1265 4460">
    <p class='ocr_par' dir='ltr' id='par_1_3' title="bbox 113 4354 1265 4460">
     <span class='ocr_line' id='line_1_32' title="bbox 113 4354 1265 4460; baseline -0.002 -25"><span class='ocrx_word' id='word_1_225' title='bbox 113 4354 295 4451; x_wconf 60' lang='lat' dir='ltr'><strong><em>flumine</em></strong></span> <span class='ocrx_word' id='word_1_226' title='bbox 320 4361 501 4436; x_wconf 88' lang='lat' dir='ltr'><strong><em>studiosis</em></strong></span> <span class='ocrx_word' id='word_1_227' title='bbox 526 4361 704 4460; x_wconf 84' lang='lat' dir='ltr'><strong><em>legendas</em></strong></span> <span class='ocrx_word' id='word_1_228' title='bbox 738 4366 982 4438; x_wconf 87' lang='lat' dir='ltr'><strong><em>commendat</em></strong></span> <span class='ocrx_word' id='word_1_229' title='bbox 1014 4362 1265 4457; x_wconf 76' lang='lat' dir='ltr'><strong><em>Quintilianus</em></strong></span> 
     </span>
    </p>
   </div>
   <div class='ocr_carea' id='block_1_4' title="bbox 105 4466 1267 4813">
    <p class='ocr_par' dir='ltr' id='par_1_4' title="bbox 105 4466 1267 4813">
     <span class='ocr_line' id='line_1_33' title="bbox 107 4466 1266 4579; baseline 0.004 -31"><span class='ocrx_word' id='word_1_230' title='bbox 107 4466 336 4551; x_wconf 65' lang='lat' dir='ltr'><strong><em>mont.</em></strong></span> <span class='ocrx_word' id='word_1_231' title='bbox 360 4475 468 4553; x_wconf 87' lang='lat' dir='ltr'><strong><em>Libr.</em></strong></span> <span class='ocrx_word' id='word_1_232' title='bbox 485 4480 536 4553; x_wconf 90' lang='lat' dir='ltr'><strong><em>X.</em></strong></span> <span class='ocrx_word' id='word_1_233' title='bbox 563 4504 596 4554; x_wconf 91' lang='lat' dir='ltr'><strong><em>e.</em></strong></span> <span class='ocrx_word' id='word_1_234' title='bbox 611 4482 645 4553; x_wconf 92' lang='lat' dir='ltr'><strong><em>l.</em></strong></span> <span class='ocrx_word' id='word_1_235' title='bbox 677 4490 708 4570; x_wconf 75' lang='lat' dir='ltr'><strong><em>t.</em></strong></span> <span class='ocrx_word' id='word_1_236' title='bbox 726 4481 789 4555; x_wconf 79' lang='lat'><strong><em>23.</em></strong></span> <span class='ocrx_word' id='word_1_237' title='bbox 842 4484 968 4579; x_wconf 91' lang='lat' dir='ltr'><strong><em>Atque</em></strong></span> <span class='ocrx_word' id='word_1_238' title='bbox 984 4481 1026 4555; x_wconf 94' lang='lat' dir='ltr'><strong><em>in</em></strong></span> <span class='ocrx_word' id='word_1_239' title='bbox 1043 4482 1182 4557; x_wconf 90' lang='lat' dir='ltr'><strong><em>eadem</em></strong></span> <span class='ocrx_word' id='word_1_240' title='bbox 1198 4502 1266 4555; x_wconf 85' lang='lat' dir='ltr'><strong><em>ve·</em></strong></span> 
     </span>
     <span class='ocr_line' id='line_1_34' title="bbox 106 4578 1266 4702; baseline -0.005 -25"><span class='ocrx_word' id='word_1_241' title='bbox 106 4578 240 4677; x_wconf 63' lang='lat' dir='ltr'><strong><em>fflffiffi</em></strong></span> <span class='ocrx_word' id='word_1_242' title='bbox 274 4612 409 4671; x_wconf 75' lang='lat' dir='ltr'><strong><em>canses</em></strong></span> <span class='ocrx_word' id='word_1_243' title='bbox 434 4600 614 4674; x_wconf 88' lang='lat' dir='ltr'><strong><em>eccidisse</em></strong></span> <span class='ocrx_word' id='word_1_244' title='bbox 647 4600 865 4699; x_wconf 89' lang='lat' dir='ltr'><strong><em>suspicatur</em></strong></span> <span class='ocrx_word' id='word_1_245' title='bbox 890 4597 1137 4702; x_wconf 86' lang='lat' dir='ltr'><strong><em>Spaldingius</em></strong></span> <span class='ocrx_word' id='word_1_246' title='bbox 1161 4596 1266 4690; x_wconf 83' lang='lat' dir='ltr'><strong><em>illud,</em></strong></span> 
     </span>
     <span class='ocr_line' id='line_1_35' title="bbox 105 4698 1267 4813; baseline 0 -24"><span class='ocrx_word' id='word_1_247' title='bbox 105 4698 221 4813; x_wconf 67' lang='lat' dir='ltr'><strong><em>qttssd</em></strong></span> <span class='ocrx_word' id='word_1_248' title='bbox 236 4698 492 4802; x_wconf 63' lang='lat' dir='ltr'><strong><em>Quatenus</em></strong></span> <span class='ocrx_word' id='word_1_249' title='bbox 508 4716 602 4791; x_wconf 85' lang='lat' dir='ltr'><strong><em>lust.</em></strong></span> <span class='ocrx_word' id='word_1_250' title='bbox 623 4715 692 4792; x_wconf 88' lang='lat' dir='ltr'><strong><em>Or.</em></strong></span> <span class='ocrx_word' id='word_1_251' title='bbox 709 4718 818 4794; x_wconf 90' lang='lat' dir='ltr'><strong><em>Libr.</em></strong></span> <span class='ocrx_word' id='word_1_252' title='bbox 828 4717 895 4792; x_wconf 85' lang='lat' dir='ltr'><strong><em>VI.</em></strong></span> <span class='ocrx_word' id='word_1_253' title='bbox 914 4744 946 4795; x_wconf 90' lang='lat' dir='ltr'><strong><em>e.</em></strong></span> <span class='ocrx_word' id='word_1_254' title='bbox 959 4719 996 4793; x_wconf 79' lang='lat'><strong><em>3.</em></strong></span> <span class='ocrx_word' id='word_1_255' title='bbox 1013 4727 1045 4808; x_wconf 70' lang='lat' dir='ltr'><strong><em>t.</em></strong></span> <span class='ocrx_word' id='word_1_256' title='bbox 1055 4720 1121 4794; x_wconf 86' lang='grc'><strong><em>78.</em></strong></span> <span class='ocrx_word' id='word_1_257' title='bbox 1141 4715 1267 4793; x_wconf 74' lang='lat' dir='ltr'><strong><em>afferte</em></strong></span> 
     </span>
    </p>
   </div>
   <div class='ocr_carea' id='block_1_5' title="bbox 0 0 1359 5294">
    <p class='ocr_par' dir='ltr' id='par_1_5' title="bbox 0 0 1359 5294">
     <span class='ocr_line' id='line_1_36' title="bbox 0 0 1359 5294; baseline 0 0"><span class='ocrx_word' id='word_1_258' title='bbox 0 0 1359 5294; x_wconf 95' lang='lat' dir='ltr'><strong><em> </em></strong></span> 
     </span>
    </p>
   </div>
  </div>
 </body>
</html>
