2670 5294
595 71 596 78 ¹
601 65 607 82 't

849 348 860 367 ς
1290 338 1292 359 2

98 653 176 731 154
299 638 308 649 ’
459 674 511 726 or
537 676 575 727 ι.
590 674 718 728 mro
743 674 890 727 rosu.

93 842 228 934 Iooet,
261 838 368 938 quod
392 836 606 915 Ootmiauo
629 836 803 939 roganti,
826 844 874 913 ut
895 834 1244 913 seomadbelbm

95 959 297 1035 Actiacum
314 956 645 1057 proficisceretur,
670 955 823 1031 dodino
845 962 976 1031 narrat
990 950 1166 1055 Velleius
1179 953 1244 1029 Pa·

93 1087 189 1153 tero.
215 1074 325 1151 Libr.
342 1075 393 1150 II.
420 1100 456 1151 o.
471 1076 538 1151 86.
562 1076 653 1165 §.40
701 1072 792 1151 Iam
816 1098 908 1150 (nm
930 1073 1077 1168 Pollio,
1102 1072 1244 1149 denuo

96 1196 151 1270 Μ.
175 1196 368 1290 Antonio,
401 1192 522 1269 saonis
556 1202 661 1269 esset
691 1194 836 1292 praeda
859 1192 1060 1270 Octaviani
1082 1190 1244 1282 viatoris,

96 1322 225 1414 patet,
267 1337 386 1411 quam
417 1313 578 1413 plemun
607 1309 831 1387 offersionis
862 1320 905 1389 et
934 1312 1107 1387 invidiae
1140 1309 1246 1385 bresit

96 1434 194 1507 illud
221 1456 342 1530 opus,
368 1434 474 1530 quod
499 1430 767 1523 inchoaverat,
794 1431 1034 1507 historicum.
1084 1427 1245 1519 Aooedit.

96 1550 203 1649 quod
227 1574 267 1625 v.
287 1548 326 1623 5.
358 1574 476 1623 annu
501 1550 681 1623 modum
703 1548 887 1651 expiotir-
900 1560 1026 1625 usoto
1050 1544 1246 1623 moruus

96 1670 241 1745 rectius
281 1670 527 1767 explioantm
565 1670 617 1743 de
649 1669 908 1769 tmporibm,
949 1690 1053 1765 quae
1086 1688 1247 1767 pugnam

100 1787 297 1864 Aetiaoam
320 1786 524 1862 subsecuta
548 1795 660 1883 suut,
684 1811 803 1887 qrrarn
826 1810 926 1887 quoe
949 1792 1246 1885 praeeessenmt.

97 1906 331 1983 Narrationis
361 1905 472 1981 filum
504 1907 626 1983 ordiri
655 1906 777 1982 voluit
807 1906 930 1982 Pollio
952 1905 1045 1979 iudo
1069 1928 1095 1980 a
1119 1904 1247 1979 trinor-

99 2028 227 2101 viratu
259 2022 434 2127 Pompeii
457 2022 512 2099 Μ.
537 2032 578 2101 et
600 2023 695 2102 boii
719 2023 889 2099 Caesaris
913 2034 955 2100 et
978 2022 1131 2118 Crassi,
1161 2022 1247 2095 inito

58 2214 68 2221 .
100 2169 138 2218 a.
153 2146 198 2219 U.
217 2143 261 2219 G.
278 2144 393 2236 tm,
421 2145 466 2237 Q.
483 2143 648 2220 Gaeoitio
667 2144 824 2219 Metello
849 2142 984 2219 Celere
1008 2150 1050 2219 et
1075 2140 1128 2215 L.
1143 2138 1247 2215 Aba·

99 2263 167 2336 nio
182 2260 310 2356 Coss,
334 2268 595 2360 otpertexere
619 2285 743 2361 mque
761 2262 1048 2363 odAngptum
1063 2260 1246 2335 devictam

100 2387 142 2456 et
167 2380 365 2455 submotam
383 2403 420 2455 a.
435 2381 481 2455 U.
497 2380 541 2456 G.
557 2384 647 2458 724.
699 2380 955 2457 Gommissrmr
977 2404 1076 2457 vero
1094 2378 1158 2453 bis
1171 2376 1247 2451 bel·

99 2498 148 2573 iis
183 2501 266 2593 ἄγος
307 2501 480 2576 nondum
521 2502 682 2599 piaculis
722 2501 945 2576 exsolutrun
987 2506 1092 2575 eratr
1136 2516 1246 2596 quaro

100 2619 223 2696 Pollio
265 2642 374 2694 arma
418 2620 658 2695 describebat
700 2628 815 2693 uncta
847 2618 1047 2693 umoribus
1082 2620 1246 2695 nondum

101 2739 276 2838 expiatis.
334 2736 484 2813 Eodem
514 2761 630 2813 seusu
655 2738 836 2813 Horatius
861 2736 986 2812 adbuc
1011 2761 1117 2812 anno
1141 2738 1186 2810 ΙΙ.
1208 2732 1245 2807 0.

100 2858 192 2932 727.
223 2858 372 2955 scripsit
397 2855 506 2931 Libr.
521 2855 553 2929 I.
580 2854 654 2931 On.
671 2859 708 2931 2.
734 2882 773 2931 v.
790 2856 876 2929 29..
906 2854 981 2932 cur·
993 2854 1107 2929 dabit
1122 2864 1247 2955 portes

100 2976 227 3049 scelus
250 2973 450 3073 expiandi
469 2968 655 3074 Jupiter?
686 2974 815 3049 Minus
837 2982 945 3049 reete
977 2974 1045 3048 alii
1067 2978 1244 3061 statuunt,

74 3092 178 3165 ‚ibis
210 3092 338 3165 verbis
371 3091 575 3191 significari
609 3093 713 3168 bella
746 3092 873 3169 utilia
906 3092 1018 3167 Marii
1042 3101 1086 3169 et
1111 3091 1244 3168 Sullae.

100 3209 245 3302 Quibus
270 3209 449 3283 omnibus
464 3210 507 3283 in
522 3234 609 3286 eam
627 3212 796 3287 deducor
812 3212 1056 3305 senteutiam,
1089 3219 1137 3284 ut
1158 3210 1245 3283 bauo

101 3324 227 3401 Odam
258 3326 377 3402 {irritis
410 3353 482 3426 per
519 3327 772 3406 Octavianum
803 3331 916 3405 bellis
939 3330 1039 3405 intra
1064 3354 1184 3405 annos
1205 3324 1245 3399 U·

100 3442 144 3518 G.
164 3445 298 3519 725-
308 3445 421 3541 727,
446 3448 673 3546 priusquam
697 3448 763 3523 iile
786 3448 949 3550 Augusti
965 3473 1111 3524 nomen
1126 3447 1245 3536 ferret,

100 3562 285 3661 scriptam
310 3587 393 3639 esse
417 3572 562 3664 putem.
623 3566 807 3642 Confusus
830 3566 959 3643 Jahnii
983 3567 1179 3642 Adnotatt.
1202 3562 1246 3637 ari

98 3682 187 3758 ul.
212 3690 253 3758 et
278 3682 484 3759 Kirehneri
509 3684 699 3759 Tabulam
723 3686 898 3763 chronol.
923 3687 1079 3779 Horat,
1112 3686 1156 3759 in
1178 3702 1247 3781 qua

99 3803 197 3879 item
221 3803 289 3877 illa
312 3800 398 3877 Oda
423 3827 525 3878 anno
550 3804 597 3878 U.
616 3802 660 3878 G.
680 3807 770 3881 727.
796 3806 1020 3907 assignatio.

205 3921 254 3996 Ut
268 3920 383 4022 igitur
408 3924 638 4016 eouoedam,
665 3924 770 4020 quod
787 3923 946 3999 minime
961 3919 1100 4023 negari
1121 3922 1247 4020 potest,

102 4040 316 4141 tragoedias
340 4038 552 4116 aPollione
576 4041 738 4141 scriptas
758 4066 863 4138 esse,
892 4051 1022 4123 tamen
1044 4059 1251 4139 numquam

100 4159 197 4233 mihi
229 4158 448 4257 persuaderi
473 4160 613 4258 patiar,
637 4167 680 4234 ut
714 4184 805 4235 eum
838 4184 975 4237 soenae
999 4183 1072 4234 suo
1104 4154 1250 4258 ingenio

100 4277 278 4351 serviisse
293 4279 460 4353 credam.
515 4278 581 4353 Vir
596 4280 679 4373 ille,
703 4280 805 4356 iuter
829 4281 1032 4381 praecipua
1045 4278 1158 4353 istius
1174 4298 1252 4351 sao·

100 4391 181 4466 uni
206 4405 430 4471 ornamenta
455 4400 736 4492 numerandus,
762 4400 914 4474 oolebat
937 4398 1082 4491 studia,
1109 4392 1252 4471 studio·

101 4522 174 4585 tos-
186 4511 359 4608 amabat,
383 4513 557 4611 fovebat,
582 4517 832 4616 provehebat,
857 4518 1161 4615 multorumque,
1187 4510 1252 4613 qui

98 4621 232 4732 aliqua
252 4643 547 4729 oomponerent‚
572 4644 705 4734 portus
721 4643 822 4729 erat,
848 4636 953 4711 sinm
972 4641 1013 4709 et
1028 4632 1258 4733 praemium·

98 4750 147 4823 ut
171 4747 285 4835 Plinii
308 4749 358 4827 de
372 4751 517 4830 Titiano
534 4752 719 4855 Capitone
734 4755 865 4834 verbis
889 4752 998 4831 Libr.
1014 4751 1119 4830 VIII.
1134 4750 1253 4852 Epist.
