2670 5294
495 299 702 355 excursus
728 298 770 355 v.
1128 277 1201 352 371

52 474 104 543 ut
128 472 315 559 statuam,
341 489 390 541 ec
416 465 605 562 adducor,
631 465 736 566 quod
760 463 825 540 illc
842 463 885 538 in
901 460 1035 541 Satiris
1052 472 1091 541 ct
1105 462 1205 563 Epo·

52 586 140 681 dis,
167 610 262 684 qsras
287 592 326 661 et
350 608 485 659 recens
510 610 712 688 expugna
737 582 971 683 Philippensi
996 591 1037 658 et
1061 584 1206 681 aliquot

10 760 15 787 .·
52 705 169 781 amns
186 711 272 803 post
289 704 515 804 composuit,
537 705 593 779 illi
611 705 845 797 Triumviro,
868 702 1040 801 ‹pramvis
1062 703 1205 803 largam

10 876 17 922 2
53 825 213 901 ridendi
236 824 490 923 carpendirpre
515 823 713 899 materiem
737 823 957 923 praebenti,
990 845 1205 920 usquequa·

10 1000 19 1043 ¹.
54 968 139 1045 quc
153 944 351 1043 'pepercit
407 942 491 1017 Nou
523 942 711 1037 dixerim,
746 952 852 1016 metu
883 943 922 1015 id
958 941 1096 1017 faomm
1122 963 1205 1015 esse

55 1069 128 1139 ant
160 1069 396 1162 contemptu.
454 1063 492 1136 A
516 1070 621 1138 metu
646 1063 793 1138 alienus
818 1071 900 1139 erat
924 1062 979 1157 is,
1015 1084 1132 1161 quem
1163 1059 1205 1133 in

13 1242 24 1284 r.
58 1180 234 1259 confesso
266 1182 318 1255 sit
341 1181 488 1256 Satires
521 1182 672 1258 aerdeos
706 1181 905 1255 strinxisse
936 1181 976 1253 in
1005 1181 1205 1257 Caesarem

10 1338 25 1405 &a
59 1298 318 1377 Octavianum
351 1297 511 1401 ejusque
544 1301 686 1375 amicos
720 1299 1012 1399 potentissimos.
1073 1300 1122 1374 Et
1155 1325 1205 1375 ne

16 1476 29 1523 Ι,
57 1420 171 1495 illum
197 1420 430 1520 contemptui
452 1422 632 1511 haberet,
659 1427 833 1519 potuerat
857 1417 1006 1495 elficcre
1031 1418 1116 1517 ipsa
1140 1419 1205 1492 illa

10 1598 29 1645 3,
58 1540 109 1617 nd
124 1539 319 1638 Philippos
336 1564 483 1640 pugna,
508 1540 551 1613 in
568 1563 644 1639 qua
662 1538 867 1632 Antonius,
893 1562 935 1613 re
953 1537 995 1611 in
1012 1562 1206 1612 summum

10 1714 31 1763 ἓ,
56 1658 267 1735 discrimen
290 1660 475 1753 adducta,
503 1658 747 1761 insigniorem
771 1658 1071 1758 exprompsisset
1095 1655 1206 1732 sorti-

10 1838 27 1883 ,
53 1778 234 1855 tudinem
257 1778 389 1877 reique
413 1778 584 1853 militaris
603 1778 820 1872 scientiam,
846 1786 906 1869 et,
932 1778 1067 1877 adepta
1084 1778 1205 1854 victe-

10 1952 22 1989 „
50 1896 138 1991 rin,
170 1897 293 1971 msdto
324 1894 511 1999 majorem
536 1897 760 1973 ostendisset
792 1898 834 1971 in
858 1898 978 1974 uictos
1006 1897 1106 1972 cives
1131 1895 1205 1970 lnr-

10 2070 13 2109 ᾗ
51 2016 305 2106 manitatem,
340 2038 458 2113 (pram
491 2015 630 2091 Caesar
655 2016 904 2110 Octavianus,
939 2016 1102 2090 inmollis
1134 2017 1204 2091 iste

52 2156 104 2213 nc
137 2134 304 2211 crudelis
335 2130 500 2234 juvenis.
559 2134 691 2234 Nerpre
726 2145 783 2209 est
819 2135 923 2234 quod
957 2134 1204 2234 suspicemur,

52 2252 115 2329 Μ.
138 2252 348 2329 Antonium
372 2254 583 2329 immunem
604 2256 865 2352 intactumque
888 2254 1070 2329 mansisse
1094 2256 1206 2330 caril-

52 2372 268 2449 latioribus
292 2372 624 2473 irrisionibusque,
650 2375 756 2473 quod
780 2374 900 2447 Romu
925 2383 1110 2472 perpetuo
1137 2376 1206 2447 ab·

53 2490 199 2569 misser
219 2491 349 2591 itaqua
366 2491 482 2567 etiam
498 2493 712 2567 subtractus
729 2493 848 2569 oculis
862 2493 1009 2570 Horatii
1025 2518 1097 2591 per
1112 2493 1206 2565 illud

55 2609 245 2711 temporis
269 2609 434 2709 spatium
458 2610 637 2703 vixisset,
671 2637 746 2711 quo
779 2612 962 2711 plurimas
988 2612 1132 2687 Satires
1166 2621 1207 2686 et

55 2730 218 2831 Epodos
242 2730 291 2803 ab
310 2728 386 2805 hcc
401 2729 556 2828 scriptas
573 2754 656 2806 esse
673 2732 824 2805 scimus.
859 2732 956 2824 Quid
976 2730 1081 2804 enim
1097 2755 1207 2808 caus-

57 2872 131 2925 sae
155 2846 271 2923 tune
290 2848 481 2943 dicemus,
507 2857 549 2924 nt
569 2850 606 2923 ei
624 2850 836 2923 etiamtum
854 2858 1092 2948 parceretur,
1118 2875 1207 2925 cum

57 2991 85 3044 a
113 2966 276 3043 Caesare
301 2964 509 3044 Octaviano
536 2968 707 3043 devictus
734 2974 772 3043 et
796 2969 844 3044 ad
871 2993 1005 3045 necem
1036 2971 1207 3068 compul-

57 3112 129 3163 sus
155 3095 272 3181 esset,
307 3095 351 3161 ut
382 3084 465 3185 ejus
499 3086 636 3189 flagitia
662 3095 702 3161 et
728 3086 906 3179 crimina,
940 3114 1037 3186 quae
1063 3090 1207 3163 Romae

57 3204 157 3281 satis
172 3214 260 3279 nota
275 3213 399 3281 essent
414 3230 459 3281 ac
476 3207 677 3308 divulgata,
700 3206 846 3281 silentio
863 3208 1207 3279 transmitterentur

57 3332 102 3400 et
124 3322 309 3423 quidquid
331 3326 528 3400 dedecoris
550 3326 856 3426 ignominiaeque
873 3323 1018 3398 nomini
1034 3326 1206 3398 Romano

58 3466 135 3543 per
159 3441 268 3517 illurn
292 3443 443 3517 illatsun
467 3452 584 3538 esset,
611 3444 650 3516 in
667 3444 761 3517 alios
777 3450 949 3517 auctores
970 3442 1207 3517 derivaretur

59 3584 108 3635 nc
135 3558 400 3638 conferretur?
431 3559 525 3663 Ejus
550 3562 608 3637 rei
632 3562 741 3637 testis
767 3562 905 3637 diserta
929 3562 1135 3637 admodmn
1161 3584 1206 3636 ao

61 3686 170 3753 certa
193 3688 253 3753 est
277 3678 432 3780 Epodos
457 3706 590 3771 crosso,
624 3706 740 3779 (snam
765 3688 939 3779 apertum
965 3686 1022 3753 est
1048 3704 1207 3779 compo·

59 3798 174 3873 sitnm
204 3822 288 3873 esse
312 3800 438 3899 primo
469 3800 596 3874 statim
629 3799 763 3874 nuntio
797 3800 847 3875 dc
871 3799 1030 3875 victoria
1054 3800 1208 3876 Actiaca

60 3916 226 3991 Romam
251 3920 410 4017 perlato.
461 3918 517 3994 Ea
540 3920 721 4017 inscripta
742 3926 798 3993 est
816 3918 1046 4013 Maecenati,
1073 3944 1207 4019 aquo,

60 4036 163 4111 illius
198 4036 378 4112 victoriae
415 4038 556 4137 gratia,
599 4037 922 4137 apparatissimum
956 4038 1037 4112 uult
1072 4038 1206 4115 instrui

61 4156 240 4253 apulum,
268 4156 378 4254 quale
403 4156 624 4251 inseruerit,

173 4274 223 4348 Ut
247 4300 397 4375 nreper,
423 4288 536 4351 (actus
560 4301 680 4375 qttum
692 4275 810 4373 frelo
835 4274 1060 4375 qulunr‘ras

246 4396 342 4467 Dux
355 4394 496 4493 jugit,
521 4393 622 4471 netu
647 4392 826 4483 rutundum,

899 4514 948 4585 24
969 4518 987 4555 ¹*
