2670 5294
431 1355 562 1421 -nn

89 1485 948 1593 L.vslt10P01t'rA.
1075 1484 1093 1531 ’“

471 1887 569 1980 §.L

89 2098 299 2174 escmnqne
322 2097 395 2175 ege
419 2071 609 2176 insignem
627 2069 834 2153 Peetensm
849 2073 1092 2176 Latinorum,

89 2221 116 2269 n
140 2218 258 2294 opera
276 2192 481 2288 intenere,
507 2218 713 2269 numemm
727 2219 773 2271 ac
790 2196 913 2273 veluti
930 2198 1094 2276 chorum

93 2322 133 2389 et
148 2313 376 2415 cogitatione
397 2312 648 2412 perlustravi3
673 2315 788 2389 toties
806 2314 938 2393 delere
962 2319 1092 2415 subiit,

89 2433 135 2506 L.
152 2432 260 2507 Varii
292 2432 461 2508 carmina
495 2457 585 2508 cum
617 2432 765 2528 omnia,
809 2440 895 2510 tum
926 2437 1092 2514 maxime

89 2554 283 2648 hyestem,
309 2577 426 2650 quam
452 2552 609 2627 utilibet
624 2550 857 2628 Graecarum
879 2552 1094 2655 comparari

89 2696 119 2746 te
142 2678 303 2746 testatur
327 2680 462 2747 auctor
483 2669 752 2773 gravissimus,
785 2672 1038 2766 Quintilianus
1060 2672 1094 2749 1.

89 2815 136 2863 u.
145 2792 197 2864 X.
211 2793 246 2865 1.
265 2791 394 2885 ς.98.,
418 2798 606 2885 venustas,
630 2790 703 2864 ista
716 2790 905 2867 invidiosa
921 2793 1095 2869 omnium

97 2910 353 2983 humanarum
370 2907 593 3003 confeenix',
612 2909 838 3009 ebsttmpeit,
871 2910 975 2987 Haec
991 2911 1095 2987 enim

89 3029 145 3101 iia
171 3030 204 3101 si
229 3035 393 3103 aetatem
417 3035 590 3102 nostram
615 3027 781 3125 tulisset,
811 3028 1005 3128 aliquanto
1030 3055 1095 3107 ae·

96 3148 313 3246 rectiusque
344 3171 417 3223 nos
448 3144 683 3248 judicannos
717 3171 801 3224 esse
843 3148 1010 3225 arbitror
1045 3149 1094 3226 ‹le

89 3267 158 3341 tica
182 3267 441 3342 Romanenun
465 3264 575 3365 poesi
599 3272 660 3359 et,
694 3289 793 3364 quae
817 3267 919 3365 apud
945 3291 1012 3344 eos
1036 3267 1095 3344 vi·

121 3386 210 3460 artis
237 3385 407 3460 scenicae
433 3384 582 3459 studiis.
632 3382 729 3459 Nam
752 3381 800 3458 L.
814 3383 975 3481 Varius,
1001 3408 1096 3461 con·

89 3506 175 3578 ibus
195 3494 454 3579 Romanarum
476 3526 610 3578 rerum
633 3501 905 3602 scriptoribus,
931 3501 1096 3580 dubitari
1123 3496 1126 3501 ’

119 3624 236 3722 quin,
281 3623 315 3697 si
347 3622 432 3724 quis
464 3622 560 3696 elius
594 3627 795 3723 poetarum
826 3623 898 3697 sub
928 3620 1096 3727 Augusto

89 3770 96 3815 ι
120 3742 350 3838 viventium,
375 3743 418 3817 in
440 3741 515 3818 hoc
541 3740 753 3818 carminum
773 3764 914 3842 genere
931 3739 1097 3819 Graeco·

89 3870 185 3937 rtem
210 3849 254 3937 ac
279 3859 545 3960 praestantiam
572 3867 614 3935 et
637 3859 847 3935 aemulatus
871 3859 1098 3961 ingeniosis·

89 3989 113 4055 et
136 3979 353 4055 felicissime
386 3985 577 4053 assecutus
609 3976 738 4053 fuerit.
788 3978 872 4072 Quo
898 3978 1015 4052 etiam
1037 3974 1097 4049 fa-
1143 3969 1150 3981 “

89 4099 318 4197 putabimus,
352 4107 395 4173 ut
419 4121 662 4173 communem
686 4096 858 4173 omnium
882 4092 1098 4170 admiratio·

89 4220 229 4292 uberet
254 4225 313 4312 et,
348 4241 465 4316 quam
490 4217 564 4291 sibi
588 4223 699 4290 antea
723 4214 840 4314 epicis
866 4212 1098 4290 carminibus

89 4345 152 4411 eat
175 4337 328 4411 laudem
352 4335 456 4411 haud
481 4334 679 4436 exiguam,
706 4357 791 4407 eam
809 4331 977 4431 Thyeste
997 4331 1099 4409 edita

89 4457 117 4528 .‹l
143 4456 320 4554 aeqtcales
344 4456 564 4530 obscuraret
588 4459 627 4528 et
650 4453 750 4553 apud
766 4458 943 4553 posteros
956 4477 1098 4553 prope·

89 4601 114 4649 ιι
139 4582 260 4649 totam
284 4574 443 4650 deleret
492 4572 623 4672 Neque
649 4579 777 4648 tamen
799 4567 849 4647 L.
865 4569 1002 4650 Varius
1022 4570 1099 4650 hoe

89 4694 215 4770 omine
240 4694 375 4795 dignus
401 4701 476 4788 est,
517 4693 585 4790 qui
609 4715 633 4768 a
656 4686 768 4767 nobis
792 4690 1005 4792 accuratius
1030 4714 1124 4779 ces

89 4821 169 4890 tur.
219 4812 348 4888 Multis
380 4812 448 4890 ille
481 4812 600 4888 animi
631 4837 787 4913 quoque
812 4809 924 4887 bonis
949 4808 1101 4885 videtur

819 4932 837 5003 1
852 4930 873 4975 0
