2670 5294
426 117 475 169 nr
502 117 638 171 csssro
667 120 888 171 rsnsrrnss.
1165 98 1239 170 295

784 216 795 241 .

10 320 15 337 ι
86 278 236 357 fortem
260 300 305 355 ae
329 280 558 379 prudentem
582 282 623 355 in
646 283 739 357 Asia
763 284 944 384 gessisse,
970 282 1031 357 vel
1050 283 1140 357 iude
1158 285 1238 359 sol-

10 420 20 457 ··
86 400 158 503 ligi
190 400 301 492 lieet,
340 401 445 498 qsrosl
480 423 503 473 a
534 406 671 497 patruo
696 403 903 475 decedente
929 402 1066 496 Syriae
1090 400 1239 500 praelo·

10 566 14 577 =
88 528 179 595 etin
203 520 266 593 sit.
318 518 510 617 Quantum
528 518 644 593 fuerit
668 516 754 617 ejus
778 522 819 593 in
845 521 1084 595 Triumviros
1109 520 1239 593 odimn

86 646 354 747 quantumque
378 636 563 711 libertatis
587 639 776 732 studium,
802 640 896 713 illud
913 641 1142 712 ‹looumeuto
1168 647 1236 729 est,

87 756 221 855 quod,
266 780 355 831 eum
387 755 430 829 in
463 750 596 850 Syria,
637 765 768 854 paeata
798 758 1016 855 provincia,
1058 757 1239 854 potuisset

85 896 266 970 nmero,
299 874 416 973 paulo
447 880 534 972 post
558 882 737 971 patruum
762 878 982 951 subsecutus
1006 884 1064 950 ost
1089 876 1131 949 in
1155 877 1236 949 Ma·

89 994 293 1069 eesloniam
328 999 366 1068 et
398 992 442 1065 in
474 992 595 1067 altero
627 995 676 1068 ad
711 994 907 1094 Philippos
938 995 1085 1094 proelio
1119 996 1236 1069 rebus

85 1110 301 1211 desperatis
326 1112 463 1187 erebro
488 1133 574 1184 sese
598 1110 769 1187 hostibus
801 1114 976 1212 ingerens
1006 1114 1140 1187 malint
1164 1141 1236 1212 pro

82 1230 266 1305 libertate
298 1230 544 1322 occumbere,
585 1256 701 1329 quam
734 1234 934 1329 impetrato
960 1256 982 1305 a
1009 1232 1236 1308 Triiunriris

83 1348 203 1427 vmia
227 1350 371 1427 vivere.
423 1350 547 1441 Quem
570 1350 684 1450 igitur
706 1351 771 1423 ille
788 1347 935 1450 juvenis
951 1350 1059 1424 laetis
1072 1354 1236 1427 ostendit

82 1467 293 1563 animum,¹
318 1466 497 1543 eumdem
530 1468 644 1541 etiam
669 1477 751 1541 tum
776 1470 982 1543 sententiae
1007 1477 1090 1543 tum
1116 1471 1235 1544 verbe

80 1584 199 1661 isnin
222 1587 405 1684 epistolae
430 1586 586 1684 spirant.
638 1586 688 1660 Et
713 1588 803 1660 lieet
818 1610 933 1661 nemo
951 1597 1119 1664 veterion
1140 1589 1233 1662 seri-

81 1712 245 1807 ptormn
286 1706 432 1799 tradat,
474 1712 603 1779 tamen
644 1706 802 1779 minimo
843 1731 866 1782 a
907 1732 999 1782 vero
1040 1709 1232 1801 abhorret,

83 1824 127 1901 ol
160 1848 184 1899 a
216 1830 354 1923 patruo
389 1848 459 1923 per
484 1831 667 1899 aestatem
694 1850 728 1898 a.
756 1828 800 1900 U.
827 1825 869 1899 G.
899 1830 984 1900 711.
1011 1830 1233 1901 runrrslatum

83 1964 194 2037 esse,
238 1951 282 2017 ut
313 1966 368 2019 ex
402 1966 471 2018 ora
503 1944 694 2018 maritima
727 1944 841 2019 Asiae
875 1947 1090 2042 proriueiae
1116 1954 1155 2019 et
1180 1970 1232 2019 ex

81 2062 221 2137 inssslis
244 2084 382 2157 naves,
408 2086 503 2161 qsras
526 2069 674 2163 posset,
701 2064 926 2154 debueret,
951 2065 1139 2164 remigum
1164 2066 1232 2137 de-

81 2182 230 2257 leetum
263 2182 425 2257 baberet
464 2190 504 2255 et
543 2180 765 2256 Dolabellae
800 2183 959 2256 classem
997 2184 1229 2256 observaret.

80 2300 162 2377 l’er
183 2300 259 2377 boe
292 2309 444 2400 tempus
469 2300 620 2400 scripsit
645 2303 691 2375 ad
719 2302 963 2393 Ciceronem,
998 2301 1039 2373 iu
1065 2324 1230 2397 eumque

83 2416 220 2495 effudit
234 2420 366 2497 laudes
373 2472 387 2512 ,
413 2442 579 2518 quarum
598 2444 686 2493 eum
702 2421 796 2495 alios
815 2421 938 2513 viros,
964 2427 1046 2493 tmn
1061 2419 1231 2492 maxime

81 2538 257 2615 Gasaimn
272 2538 520 2613 Parmensem
535 2540 803 2637 dispusluisset.
855 2539 904 2611 Et
918 2564 1038 2635 ‹prsrm
1054 2546 1230 2637 patmum

83 2682 200 2733 marm
223 2658 390 2759 appellat
420 2656 599 2735 cassiam
619 2668 810 2747 trostmar,
837 2666 983 2732 tantum
1009 2659 1114 2731 abest
1128 2665 1171 2729 ut
1190 2658 1229 2730 iu

80 2800 130 2853 eo
156 2776 394 2877 arrogantiae
420 2778 569 2878 signum
594 2776 805 2869 inveniam,
838 2786 882 2850 ut
907 2773 1084 2877 juvenem
1111 2802 1229 2877 ogno-

76 2918 189 2973 seam
208 2896 406 2972 erectioris
422 2897 579 2995 (pridem
602 2896 719 2971 animi
746 2897 919 2995 altosque
946 2896 1098 2995 spiritus
1124 2897 1229 2970 alon-

72 3022 185 3109 m,
226 3016 296 3089 sal
328 3016 453 3115 patrm
486 3015 547 3089 sui
588 3040 676 3090 omn
715 3016 961 3090 admiratione
1004 3014 1227 3089 semiesum.

72 3130 154 3207 nis
198 3132 360 3228 eamus,
412 3157 507 3231 quas
554 3134 722 3209 breviter
761 3134 988 3232 perstrinxi,
1030 3140 1227 3229 permotus

71 3274 189 3343 um,
222 3258 267 3326 ut
298 3252 355 3325 illi
388 3252 571 3352 epistolae
602 3253 704 3327 inter
734 3253 964 3350 scriptoram}
991 3248 1108 3323 Cassii
1133 3247 1226 3321 Par·

69 3360 225 3449 mensis
248 3370 429 3471 reliquias
453 3371 580 3445 laeum
605 3374 696 3447 dare
722 3370 947 3445 ‹limitas-em.

184 3488 243 3565 IV
242 3540 255 3567 .
297 3488 455 3565 Caetera
480 3490 608 3566 omnia
631 3489 774 3591 ingenii
789 3489 955 3565 Cassiani
978 3496 1227 3563 mouiunenta

72 3609 321 3687 'nrterienmt
372 3608 468 3683 Nam
493 3608 596 3707 quod
620 3610 669 3684 ad
695 3608 797 3683 buno
819 3630 945 3707 usque
964 3609 1067 3681 diem
1084 3629 1106 3679 a
1122 3605 1225 3679 Viris

74 3728 310 3831 qubusdam
348 3729 469 3805 doetis
505 3726 703 3803 Parmensi
743 3727 871 3803 Cassio
906 3727 1129 3801 attributum
1170 3734 1227 3802 est

73 3870 241 3949 poema,
269 3845 418 3947 Orploei
439 3848 594 3922 nomine
613 3848 856 3946 imeriptum,
880 3846 920 3919 id
946 3846 1117 3944 spurimn
1141 3873 1227 3923 esse

74 3972 120 4043 et
150 3966 208 4041 illi
238 3972 375 4065 poetae
415 3966 595 4067 singulari
634 3988 764 4041 errore
797 3966 1056 4065 suppositum,
1100 3968 1224 4042 statim

73 4086 363 4163 dmonstrabo.
398 4084 688 4187 'complectitur
714 4085 809 4159 illud
833 4085 1070 4185 undeviginti
1094 4110 1225 4163 versus

74 4204 232 4306 epiees,
265 4204 925 4307 in·qsribr1sbreviterexponit1n,
959 4230 1077 4305 qnam
1102 4203 1224 4279 nilmi-

1261 4380 1296 4440 A
