2670 5294
468 284 518 335 nx
546 284 683 336 cassio
703 283 924 341 rsunnusr.
1206 262 1281 338 285

131 442 283 518 dixerat
305 440 424 521 finisse
447 445 669 523 libertinum
694 471 860 548 eumque
875 449 1083 524 restionem
1108 473 1160 524 ex
1177 474 1277 552 pago

130 562 329 659 Thurino,
374 561 531 667 ejusque
564 566 706 661 filium,
744 566 941 643 Octaviani
972 592 1106 662 avium,
1142 594 1278 670 argen-

128 684 273 757 tarium
290 683 372 759 sive
388 686 632 759 mensorium.
684 686 997 784 Exprobraverat
1015 695 1143 761 autem
1161 687 1278 762 Octa-

127 801 243 878 viano
269 802 364 876 baec
388 803 578 878 Antonius
602 805 644 879 in
670 805 824 898 edictis,
850 805 892 877 in
916 805 1052 902 ‹pribus
1078 814 1276 881 contume-

125 918 223 993 liose
242 927 282 994 et
298 920 460 995 barbare
477 923 677 998 maledicta
695 932 951 1025 congesserat,
977 932 1075 998 teste
1093 925 1277 1000 Cicerone

124 1036 290 1137 Philipp.
316 1037 385 1111 111.
420 1064 453 1114 c.
479 1041 517 1114 θ.
554 1049 594 1114 et
626 1042 734 1116 XIII.
762 1067 795 1115 c.
822 1043 860 1115 9.
896 1066 1017 1140 caque
1043 1045 1277 1142 repetiverat

123 1156 167 1229 in
201 1155 382 1256 Epistolis
414 1160 644 1234 Alexandria
673 1162 820 1253 missis,
865 1183 917 1233 ex
958 1163 1097 1258 quibus
1122 1164 1275 1261 potissi-

122 1300 235 1349 mum
267 1276 443 1350 dubitari·
463 1302 542 1350 non
574 1285 699 1376 potest
725 1280 819 1377 quin
844 1303 912 1353 sua
938 1278 1109 1354 hauserit
1135 1280 1274 1355 Sueto·

120 1393 226 1467 nius.
276 1394 389 1493 Atqui
415 1396 564 1471 Cassius
589 1397 804 1471 Parmensis
830 1398 956 1496 ipsum
981 1404 1131 1496 patrem
1157 1397 1274 1473 Octa·

120 1513 228 1589 viani
269 1513 420 1587 dixerat
459 1512 579 1588 fuisse
615 1515 881 1605 suasorium,
930 1517 986 1590 uti
1021 1541 1044 1589 a
1077 1517 1274 1589 nonnullis

121 1655 216 1708 eum
240 1631 511 1726 urgentur-siem
535 1641 574 1707 et
597 1634 698 1707 inter
723 1635 909 1710 divisores
935 1658 1145 1732 operasque
1172 1658 1274 1708 cam·

118 1759 272 1851 pestres
305 1752 502 1849 proditiun
535 1776 618 1827 esse
653 1754 704 1826 ait
737 1750 942 1828 Suetonius
978 1779 1009 1828 c.
1034 1757 1070 1829 3.
1125 1752 1272 1850 Quibus

118 1870 252 1946 verbis
287 1871 369 1943 sine
404 1871 522 1945 dubio
556 1871 710 1969 respicit
738 1872 968 1945 versiculum
1000 1873 1119 1945 istum
1156 1871 1272 1946 Octa-

118 1988 227 2064 viani
251 1994 396 2061 statuae
423 1989 668 2088 adseriptrun.
719 1990 815 2065 Nam
842 1990 1088 2085 argentarios
1106 1999 1142 2064 ct
1162 2017 1271 2064 rnen-

119 2104 255 2181 aurioa
270 2106 486 2205 promiscue
512 2108 587 2180 dici
615 2131 685 2183 nec
710 2110 919 2207 quidquam
933 2110 1168 2182 intercedere
1191 2111 1269 2183 dis-

120 2225 293 2301 criminis
325 2226 426 2299 inter
457 2232 662 2322 utrumque
697 2251 856 2320 nomeu,
903 2234 1033 2299 contra
1069 2226 1269 2326 Sigonium

120 2346 172 2419 ‹le
199 2344 314 2441 antiq.
339 2338 424 2441 jure
451 2342 533 2419 clv.
554 2344 666 2419 Rom.
685 2348 722 2418 2.
750 2344 992 2443 opinantem,
1019 2344 1269 2437 argentarios

118 2488 208 2538 rem
239 2459 451 2533 numeriam
476 2470 638 2537 tractare
663 2462 871 2561 privatam,
902 2459 1108 2534 naarnarios
1139 2463 1268 2557 publi-

120 2606 227 2676 cam,
262 2579 449 2654 subtilItcr
483 2580 612 2655 docuit
642 2582 822 2655 Dukerus
853 2581 901 2653 ad
928 2578 1029 2654 Livii
1054 2577 1161 2652 Libr.
1181 2578 1266 2652 VII.

120 2726 156 2778 c.
180 2704 244 2777 21.
269 2708 302 2789 t.
322 2698 366 2772 5.
386 2697 434 2771 cl.
461 2698 584 2772 Beier.
619 2701 666 2773 ad
702 2699 893 2774 Ciceronis
928 2700 977 2772 de
1012 2696 1123 2771 Ollio.
1157 2697 1265 2772 Libr.

119 2820 192 2895 ΠΙ.
218 2844 251 2895 c.
274 2819 333 2892 14.
358 2826 390 2906 t.
412 2816 474 2889 58.
501 2816 613 2891 Tom.
632 2816 682 2890 ll.
709 2844 744 2915 p.
765 2819 853 2891 282.
900 2817 1020 2916 Igitur
1034 2842 1154 2914 quum
1172 2842 1265 2892 avus

120 2948 160 3017 ct
198 2947 308 3040 pater
340 2933 539 3011 Octaviani
575 2938 753 3012 dicuntur
776 2933 985 3025 rnensurii,
1021 2935 1265 3033 cogitandum

118 3067 179 3137 est
205 3059 253 3131 de
278 3055 471 3154 trapezitis
496 3056 709 3129 numeriam
740 3077 826 3128 rem
851 3054 1025 3151 privatim
1051 3055 1265 3127 exercenti·

118 3179 213 3272 bus,
248 3176 281 3249 si
315 3174 472 3272 quidem
507 3174 574 3271 qui
598 3198 682 3248 rem
706 3173 919 3246 nimiariam
945 3171 1099 3269 publice
1124 3179 1264 3244 tracta-

115 3298 234 3388 bant,
268 3290 470 3367 triamviri
499 3316 566 3366 scu
598 3289 845 3391 quinqueuiri
866 3287 1058 3361 rnercsarii
1081 3290 1264 3386 appellari

113 3415 303 3491 solebant.
353 3409 463 3484 Idem
485 3411 693 3503 Antonius,
720 3416 815 3483 teste
833 3406 1017 3481 Suetonio
1044 3429 1077 3478 o.
1095 3407 1153 3496 3.,
1180 3432 1262 3481 ma-

110 3542 269 3609 ternam
285 3528 484 3605 Octaviaui
509 3530 695 3629 originem
712 3527 922 3626 despiciens
940 3519 1152 3623 objecerat,
1180 3521 1262 3622 ejus

107 3673 305 3754 proavum
343 3647 429 3720 Alri
473 3648 622 3747 generis
662 3647 778 3721 fuisse
818 3657 858 3719 et
889 3643 1039 3716 Ariciae
1072 3643 1111 3715 in
1149 3642 1261 3718 Latio

107 3771 235 3847 modo
260 3767 546 3867 unguentariam
572 3769 792 3857 tabernam,
819 3764 935 3837 modo
961 3760 1163 3859 pistrinum
1190 3786 1262 3835 cx-

107 3886 352 3983 erouIsse⁵⁵).
412 3882 535 3985 IIujus
568 3887 719 3983 pistoris
744 3882 888 3956 Aricini
912 3879 1030 3952 liliam
1064 3878 1103 3951 in
1129 3881 1261 3953 matri-

106 4005 289 4085 monium
328 4006 490 4079 duxerat
530 4000 725 4079 Octaviani
767 4024 860 4076 avus
896 4022 919 4073 e
951 4022 1050 4097 pago
1085 3998 1260 4074 Thurino

119 4186 331 4201 .—————·

205 4281 262 4352 55)
296 4274 367 4337 Inde
395 4276 520 4336 sortasse
541 4273 661 4334 conflata
688 4281 734 4333 est
754 4271 875 4344 labella,
910 4292 996 4347 qnam
1017 4270 1092 4346 apud
1114 4270 1259 4331 Donatum

108 4368 147 4428 in
168 4361 236 4426 Via
259 4360 380 4443 Virgilii
399 4382 426 4424 c.
437 4358 498 4427 IV.
521 4362 618 4440 §.17.
640 4359 678 4419 de
698 4357 855 4435 Angusto,
882 4359 999 4434 pistoris
1019 4356 1099 4432 lilio,
1127 4357 1261 4431 legimus.
