<?xml version="1.0" encoding="UTF-8"?>
<!DOCTYPE html PUBLIC "-//W3C//DTD XHTML 1.0 Transitional//EN"
    "http://www.w3.org/TR/xhtml1/DTD/xhtml1-transitional.dtd">
<html xmlns="http://www.w3.org/1999/xhtml" xml:lang="en" lang="en">
 <head>
  <title>
</title>
<meta http-equiv="Content-Type" content="text/html;charset=utf-8" />
  <meta name='ocr-system' content='tesseract 3.04.00' />
  <meta name='ocr-capabilities' content='ocr_page ocr_carea ocr_par ocr_line ocrx_word'/>
</head>
<body>
  <div class='ocr_page' id='page_1' title='image "./deluciivariietc00weicgoog_0345.png"; bbox 0 0 2670 5294; ppageno 0'>
   <div class='ocr_carea' id='block_1_1' title="bbox 473 294 1186 373">
    <p class='ocr_par' dir='ltr' id='par_1_1' title="bbox 473 294 1186 373">
     <span class='ocr_line' id='line_1_1' title="bbox 473 294 1186 373; baseline 0 -2"><span class='ocrx_word' id='word_1_1' title='bbox 473 317 678 372; x_wconf 72' lang='lat' dir='ltr'><strong>excursus</strong></span> <span class='ocrx_word' id='word_1_2' title='bbox 705 320 750 370; x_wconf 89' lang='lat' dir='ltr'><strong>u.</strong></span> <span class='ocrx_word' id='word_1_3' title='bbox 1108 294 1186 373; x_wconf 81' lang='lat'><strong>323</strong></span> 
     </span>
    </p>
   </div>
   <div class='ocr_carea' id='block_1_2' title="bbox 77 478 1207 4574">
    <p class='ocr_par' dir='ltr' id='par_1_2' title="bbox 77 478 1188 1292">
     <span class='ocr_line' id='line_1_2' title="bbox 77 478 1185 581; baseline 0 -24"><span class='ocrx_word' id='word_1_4' title='bbox 77 482 96 557; x_wconf 86' lang='lat' dir='ltr'><strong>i</strong></span> <span class='ocrx_word' id='word_1_5' title='bbox 130 486 293 557; x_wconf 81' lang='lat' dir='ltr'><strong>extento</strong></span> <span class='ocrx_word' id='word_1_6' title='bbox 325 502 421 557; x_wconf 85' lang='lat' dir='ltr'><strong>aevo</strong></span> <span class='ocrx_word' id='word_1_7' title='bbox 452 478 643 556; x_wconf 68' lang='lat' dir='ltr'><strong>viennam</strong></span> <span class='ocrx_word' id='word_1_8' title='bbox 675 505 758 558; x_wconf 82' lang='lat' dir='ltr'><strong>osse</strong></span> <span class='ocrx_word' id='word_1_9' title='bbox 781 489 985 581; x_wconf 79' lang='lat' dir='ltr'><strong>auguratur</strong></span> <span class='ocrx_word' id='word_1_10' title='bbox 1009 482 1185 560; x_wconf 84' lang='lat' dir='ltr'><strong>Horatius</strong></span> 
     </span>
     <span class='ocr_line' id='line_1_3' title="bbox 77 597 1186 702; baseline 0.002 -28"><span class='ocrx_word' id='word_1_11' title='bbox 77 602 153 674; x_wconf 86' lang='lat' dir='ltr'><strong>ibr.</strong></span> <span class='ocrx_word' id='word_1_12' title='bbox 170 599 224 673; x_wconf 85' lang='lat'><strong>11.</strong></span> <span class='ocrx_word' id='word_1_13' title='bbox 242 600 308 675; x_wconf 93' lang='lat' dir='ltr'><strong>od.</strong></span> <span class='ocrx_word' id='word_1_14' title='bbox 325 602 362 677; x_wconf 87' lang='lat'><strong>2.</strong></span> <span class='ocrx_word' id='word_1_15' title='bbox 387 624 425 673; x_wconf 90' lang='lat' dir='ltr'><strong>v.</strong></span> <span class='ocrx_word' id='word_1_16' title='bbox 441 598 478 673; x_wconf 86' lang='lat'><strong>5.</strong></span> <span class='ocrx_word' id='word_1_17' title='bbox 522 597 601 673; x_wconf 87' lang='lat' dir='ltr'><strong>Nec</strong></span> <span class='ocrx_word' id='word_1_18' title='bbox 616 600 684 698; x_wconf 84' lang='lat' dir='ltr'><strong>qui</strong></span> <span class='ocrx_word' id='word_1_19' title='bbox 701 599 819 673; x_wconf 86' lang='lat' dir='ltr'><strong>Cassii</strong></span> <span class='ocrx_word' id='word_1_20' title='bbox 841 597 976 674; x_wconf 87' lang='lat' dir='ltr'><strong>Severi</strong></span> <span class='ocrx_word' id='word_1_21' title='bbox 992 600 1186 702; x_wconf 83' lang='lat' dir='ltr'><strong>ingenium</strong></span> 
     </span>
     <span class='ocr_line' id='line_1_4' title="bbox 77 714 1186 819; baseline 0.001 -26"><span class='ocrx_word' id='word_1_22' title='bbox 77 719 294 816; x_wconf 76' lang='lat' dir='ltr'><strong>rituumque</strong></span> <span class='ocrx_word' id='word_1_23' title='bbox 317 717 484 812; x_wconf 88' lang='lat' dir='ltr'><strong>noverit,</strong></span> <span class='ocrx_word' id='word_1_24' title='bbox 516 714 729 793; x_wconf 82' lang='lat' dir='ltr'><strong>offendetur</strong></span> <span class='ocrx_word' id='word_1_25' title='bbox 754 714 837 819; x_wconf 85' lang='lat' dir='ltr'><strong>ejus</strong></span> <span class='ocrx_word' id='word_1_26' title='bbox 855 714 997 816; x_wconf 83' lang='lat' dir='ltr'><strong>judicio</strong></span> <span class='ocrx_word' id='word_1_27' title='bbox 1016 721 1186 813; x_wconf 83' lang='lat' dir='ltr'><strong>dicentis,</strong></span> 
     </span>
     <span class='ocr_line' id='line_1_5' title="bbox 77 834 1188 936; baseline 0.004 -26"><span class='ocrx_word' id='word_1_28' title='bbox 77 835 346 935; x_wconf 81' lang='lat' dir='ltr'><strong>toqueutissirni</strong></span> <span class='ocrx_word' id='word_1_29' title='bbox 368 834 534 909; x_wconf 83' lang='lat' dir='ltr'><strong>Platonis</strong></span> <span class='ocrx_word' id='word_1_30' title='bbox 561 836 795 930; x_wconf 88' lang='lat' dir='ltr'><strong>orationem,</strong></span> <span class='ocrx_word' id='word_1_31' title='bbox 821 861 920 936; x_wconf 88' lang='lat' dir='ltr'><strong>quae</strong></span> <span class='ocrx_word' id='word_1_32' title='bbox 937 861 1010 935; x_wconf 91' lang='lat' dir='ltr'><strong>pro</strong></span> <span class='ocrx_word' id='word_1_33' title='bbox 1028 836 1188 914; x_wconf 78' lang='lat' dir='ltr'><strong>Socrate</strong></span> 
     </span>
     <span class='ocr_line' id='line_1_6' title="bbox 77 954 1188 1056; baseline 0.001 -27"><span class='ocrx_word' id='word_1_34' title='bbox 77 956 185 1053; x_wconf 76' lang='lat' dir='ltr'><strong>rripta</strong></span> <span class='ocrx_word' id='word_1_35' title='bbox 217 954 285 1047; x_wconf 85' lang='lat' dir='ltr'><strong>sit,</strong></span> <span class='ocrx_word' id='word_1_36' title='bbox 327 977 399 1029; x_wconf 91' lang='lat' dir='ltr'><strong>nec</strong></span> <span class='ocrx_word' id='word_1_37' title='bbox 431 959 592 1051; x_wconf 90' lang='lat' dir='ltr'><strong>patrono</strong></span> <span class='ocrx_word' id='word_1_38' title='bbox 623 978 698 1029; x_wconf 90' lang='lat' dir='ltr'><strong>nec</strong></span> <span class='ocrx_word' id='word_1_39' title='bbox 730 978 799 1030; x_wconf 91' lang='lat' dir='ltr'><strong>reo</strong></span> <span class='ocrx_word' id='word_1_40' title='bbox 832 955 984 1056; x_wconf 85' lang='lat' dir='ltr'><strong>dignam</strong></span> <span class='ocrx_word' id='word_1_41' title='bbox 1009 977 1110 1051; x_wconf 88' lang='lat' dir='ltr'><strong>esse,</strong></span> <span class='ocrx_word' id='word_1_42' title='bbox 1143 965 1188 1030; x_wconf 90' lang='lat' dir='ltr'><strong>ut</strong></span> 
     </span>
     <span class='ocr_line' id='line_1_7' title="bbox 77 1070 1186 1176; baseline 0.005 -28"><span class='ocrx_word' id='word_1_43' title='bbox 77 1073 166 1149; x_wconf 77' lang='lat' dir='ltr'><strong>dert</strong></span> <span class='ocrx_word' id='word_1_44' title='bbox 205 1071 260 1148; x_wconf 90' lang='grc' dir='ltr'><strong>Μ.</strong></span> <span class='ocrx_word' id='word_1_45' title='bbox 291 1072 438 1149; x_wconf 89' lang='lat' dir='ltr'><strong>Seneca</strong></span> <span class='ocrx_word' id='word_1_46' title='bbox 470 1070 652 1171; x_wconf 83' lang='lat' dir='ltr'><strong>Excerpt.</strong></span> <span class='ocrx_word' id='word_1_47' title='bbox 691 1071 872 1150; x_wconf 78' lang='lat' dir='ltr'><strong>controv.</strong></span> <span class='ocrx_word' id='word_1_48' title='bbox 904 1072 1012 1152; x_wconf 88' lang='lat' dir='ltr'><strong>Libr.</strong></span> <span class='ocrx_word' id='word_1_49' title='bbox 1036 1073 1106 1153; x_wconf 90' lang='lat' dir='ltr'><strong>Itl.</strong></span> <span class='ocrx_word' id='word_1_50' title='bbox 1146 1101 1186 1176; x_wconf 87' lang='lat' dir='ltr'><strong>p.</strong></span> 
     </span>
     <span class='ocr_line' id='line_1_8' title="bbox 77 1191 250 1292; baseline -0.017 -23"><span class='ocrx_word' id='word_1_51' title='bbox 77 1194 138 1269; x_wconf 71' lang='lat'><strong>⁹7.</strong></span> <span class='ocrx_word' id='word_1_52' title='bbox 163 1191 250 1292; x_wconf 91' lang='lat' dir='ltr'><strong>Bip.</strong></span> 
     </span>
    </p>

    <p class='ocr_par' dir='ltr' id='par_1_3' title="bbox 77 1306 1207 4481">
     <span class='ocr_line' id='line_1_9' title="bbox 149 1306 1186 1414; baseline 0.008 -32"><span class='ocrx_word' id='word_1_53' title='bbox 149 1307 227 1383; x_wconf 83' lang='lat' dir='ltr'><strong>Nos</strong></span> <span class='ocrx_word' id='word_1_54' title='bbox 252 1306 459 1408; x_wconf 74' lang='lat' dir='ltr'>deperditis</span> <span class='ocrx_word' id='word_1_55' title='bbox 479 1306 528 1383; x_wconf 85' lang='grc' dir='ltr'><strong>Τ.</strong></span> <span class='ocrx_word' id='word_1_56' title='bbox 544 1306 706 1384; x_wconf 84' lang='lat' dir='ltr'><strong>Labieni</strong></span> <span class='ocrx_word' id='word_1_57' title='bbox 731 1307 896 1386; x_wconf 87' lang='lat' dir='ltr'><strong>historiis</strong></span> <span class='ocrx_word' id='word_1_58' title='bbox 921 1311 1105 1414; x_wconf 87' lang='lat' dir='ltr'><strong>insignem</strong></span> <span class='ocrx_word' id='word_1_59' title='bbox 1129 1312 1186 1390; x_wconf 86' lang='lat' dir='ltr'><strong>fe·</strong></span> 
     </span>
     <span class='ocr_line' id='line_1_10' title="bbox 77 1424 1188 1529; baseline 0 -24"><span class='ocrx_word' id='word_1_60' title='bbox 77 1432 145 1505; x_wconf 85' lang='grc' dir='ltr'><strong>ἐεθ</strong></span> <span class='ocrx_word' id='word_1_61' title='bbox 170 1424 375 1529; x_wconf 67' lang='grc' dir='ltr'><strong>ῇθθὲιιῑθω,</strong></span> <span class='ocrx_word' id='word_1_62' title='bbox 408 1450 524 1501; x_wconf 90' lang='lat' dir='ltr'><strong>nemo</strong></span> <span class='ocrx_word' id='word_1_63' title='bbox 557 1426 667 1503; x_wconf 81' lang='lat' dir='ltr'><strong>facile</strong></span> <span class='ocrx_word' id='word_1_64' title='bbox 700 1426 933 1502; x_wconf 86' lang='lat' dir='ltr'><strong>infitiabitur.</strong></span> <span class='ocrx_word' id='word_1_65' title='bbox 991 1430 1060 1504; x_wconf 87' lang='lat' dir='ltr'><strong>Ille</strong></span> <span class='ocrx_word' id='word_1_66' title='bbox 1085 1433 1188 1507; x_wconf 87' lang='lat' dir='ltr'><strong>enim</strong></span> 
     </span>
     <span class='ocr_line' id='line_1_11' title="bbox 77 1543 1188 1645; baseline -0.002 -23"><span class='ocrx_word' id='word_1_67' title='bbox 77 1568 174 1645; x_wconf 77' lang='lat' dir='ltr'><strong>eque</strong></span> <span class='ocrx_word' id='word_1_68' title='bbox 192 1543 465 1645; x_wconf 83' lang='lat' dir='ltr'><strong>atqneAsinius</strong></span> <span class='ocrx_word' id='word_1_69' title='bbox 475 1545 596 1620; x_wconf 86' lang='lat' dir='ltr'><strong>Pollio</strong></span> <span class='ocrx_word' id='word_1_70' title='bbox 614 1554 655 1620; x_wconf 90' lang='lat' dir='ltr'><strong>et</strong></span> <span class='ocrx_word' id='word_1_71' title='bbox 664 1544 878 1620; x_wconf 81' lang='lat' dir='ltr'><strong>Cremutius</strong></span> <span class='ocrx_word' id='word_1_72' title='bbox 889 1548 1032 1619; x_wconf 77' lang='lat' dir='ltr'><strong>Cordus</strong></span> <span class='ocrx_word' id='word_1_73' title='bbox 1042 1549 1188 1622; x_wconf 85' lang='lat' dir='ltr'><strong>decoris</strong></span> 
     </span>
     <span class='ocr_line' id='line_1_12' title="bbox 77 1663 1189 1766; baseline 0.003 -28"><span class='ocrx_word' id='word_1_74' title='bbox 77 1666 124 1738; x_wconf 83' lang='lat' dir='ltr'><strong>tis</strong></span> <span class='ocrx_word' id='word_1_75' title='bbox 149 1665 404 1759; x_wconf 75' lang='lat' dir='ltr'><strong>accensendus</strong></span> <span class='ocrx_word' id='word_1_76' title='bbox 429 1672 486 1740; x_wconf 87' lang='lat' dir='ltr'><strong>est</strong></span> <span class='ocrx_word' id='word_1_77' title='bbox 508 1664 691 1766; x_wconf 66' lang='lat' dir='ltr'><strong>ingenim,</strong></span> <span class='ocrx_word' id='word_1_78' title='bbox 717 1689 817 1762; x_wconf 85' lang='lat' dir='ltr'><strong>quae</strong></span> <span class='ocrx_word' id='word_1_79' title='bbox 843 1663 1013 1741; x_wconf 88' lang='lat' dir='ltr'><strong>dicendis</strong></span> <span class='ocrx_word' id='word_1_80' title='bbox 1029 1667 1189 1765; x_wconf 77' lang='lat' dir='ltr'><strong>Augusti</strong></span> 
     </span>
     <span class='ocr_line' id='line_1_13' title="bbox 77 1781 1188 1882; baseline 0.002 -25"><span class='ocrx_word' id='word_1_81' title='bbox 77 1782 287 1882; x_wconf 64' lang='lat' dir='ltr'><strong>inparibus</strong></span> <span class='ocrx_word' id='word_1_82' title='bbox 319 1807 400 1856; x_wconf 92' lang='lat' dir='ltr'><strong>non</strong></span> <span class='ocrx_word' id='word_1_83' title='bbox 433 1781 596 1857; x_wconf 72' lang='lat' dir='ltr'><strong>definisse</strong></span> <span class='ocrx_word' id='word_1_84' title='bbox 627 1783 679 1859; x_wconf 90' lang='lat' dir='ltr'><strong>ait</strong></span> <span class='ocrx_word' id='word_1_85' title='bbox 714 1782 871 1857; x_wconf 83' lang='lat' dir='ltr'><strong>Tacitus</strong></span> <span class='ocrx_word' id='word_1_86' title='bbox 903 1782 1005 1857; x_wconf 88' lang='lat' dir='ltr'><strong>Ann.</strong></span> <span class='ocrx_word' id='word_1_87' title='bbox 1031 1782 1138 1859; x_wconf 82' lang='lat' dir='ltr'><strong>Libr.</strong></span> <span class='ocrx_word' id='word_1_88' title='bbox 1157 1785 1188 1859; x_wconf 86' lang='lat'><strong>1.</strong></span> 
     </span>
     <span class='ocr_line' id='line_1_14' title="bbox 77 1900 1187 2000; baseline 0.002 -25"><span class='ocrx_word' id='word_1_89' title='bbox 77 1950 84 1975; x_wconf 86' lang='lat'><strong>.</strong></span> <span class='ocrx_word' id='word_1_90' title='bbox 124 1902 185 1991; x_wconf 92' lang='lat' dir='ltr'><strong>l.,</strong></span> <span class='ocrx_word' id='word_1_91' title='bbox 238 1901 360 1976; x_wconf 85' lang='lat' dir='ltr'><strong>donec</strong></span> <span class='ocrx_word' id='word_1_92' title='bbox 408 1900 589 2000; x_wconf 78' lang='lat' dir='ltr'><strong>gliscente</strong></span> <span class='ocrx_word' id='word_1_93' title='bbox 637 1900 852 1975; x_wconf 70' lang='lat' dir='ltr'><strong>adunatione</strong></span> <span class='ocrx_word' id='word_1_94' title='bbox 892 1901 1187 1977; x_wconf 87' lang='lat' dir='ltr'><strong>deterrerentur.</strong></span> 
     </span>
     <span class='ocr_line' id='line_1_15' title="bbox 77 2016 1191 2119; baseline 0.003 -27"><span class='ocrx_word' id='word_1_95' title='bbox 77 2025 177 2117; x_wconf 74' lang='lat' dir='ltr'><strong>tque</strong></span> <span class='ocrx_word' id='word_1_96' title='bbox 205 2016 280 2094; x_wconf 91' lang='lat' dir='ltr'><strong>hoo</strong></span> <span class='ocrx_word' id='word_1_97' title='bbox 311 2016 454 2092; x_wconf 85' lang='lat' dir='ltr'><strong>factum</strong></span> <span class='ocrx_word' id='word_1_98' title='bbox 485 2025 542 2093; x_wconf 81' lang='lat' dir='ltr'><strong>eat</strong></span> <span class='ocrx_word' id='word_1_99' title='bbox 574 2017 743 2119; x_wconf 83' lang='lat' dir='ltr'><strong>Augusto</strong></span> <span class='ocrx_word' id='word_1_100' title='bbox 771 2027 968 2119; x_wconf 88' lang='lat' dir='ltr'><strong>regnanto.</strong></span> <span class='ocrx_word' id='word_1_101' title='bbox 1027 2021 1123 2096; x_wconf 90' lang='lat' dir='ltr'><strong>Nam</strong></span> <span class='ocrx_word' id='word_1_102' title='bbox 1148 2031 1191 2095; x_wconf 91' lang='lat' dir='ltr'><strong>nt</strong></span> 
     </span>
     <span class='ocr_line' id='line_1_16' title="bbox 77 2135 1191 2235; baseline 0.003 -24"><span class='ocrx_word' id='word_1_103' title='bbox 77 2142 205 2211; x_wconf 83' lang='lat' dir='ltr'><strong>artrun</strong></span> <span class='ocrx_word' id='word_1_104' title='bbox 236 2143 313 2230; x_wconf 86' lang='lat' dir='ltr'><strong>est,</strong></span> <span class='ocrx_word' id='word_1_105' title='bbox 354 2135 569 2212; x_wconf 79' lang='lat' dir='ltr'><strong>Labienum</strong></span> <span class='ocrx_word' id='word_1_106' title='bbox 602 2136 768 2235; x_wconf 91' lang='lat' dir='ltr'><strong>primum</strong></span> <span class='ocrx_word' id='word_1_107' title='bbox 802 2137 973 2212; x_wconf 91' lang='lat' dir='ltr'><strong>omnium</strong></span> <span class='ocrx_word' id='word_1_108' title='bbox 997 2137 1191 2214; x_wconf 89' lang='lat' dir='ltr'><strong>Romano·</strong></span> 
     </span>
     <span class='ocr_line' id='line_1_17' title="bbox 77 2248 1192 2355; baseline 0.003 -28"><span class='ocrx_word' id='word_1_109' title='bbox 77 2278 141 2327; x_wconf 90' lang='lat' dir='ltr'><strong>um</strong></span> <span class='ocrx_word' id='word_1_110' title='bbox 164 2252 265 2327; x_wconf 88' lang='lat' dir='ltr'><strong>banc</strong></span> <span class='ocrx_word' id='word_1_111' title='bbox 288 2254 428 2355; x_wconf 88' lang='lat' dir='ltr'><strong>ingenii</strong></span> <span class='ocrx_word' id='word_1_112' title='bbox 453 2255 512 2328; x_wconf 88' lang='lat' dir='ltr'><strong>sui</strong></span> <span class='ocrx_word' id='word_1_113' title='bbox 534 2278 700 2352; x_wconf 90' lang='lat' dir='ltr'><strong>poenam</strong></span> <span class='ocrx_word' id='word_1_114' title='bbox 725 2255 906 2348; x_wconf 70' lang='lat' dir='ltr'><strong>audiisse,</strong></span> <span class='ocrx_word' id='word_1_115' title='bbox 931 2264 975 2329; x_wconf 93' lang='lat' dir='ltr'><strong>ut</strong></span> <span class='ocrx_word' id='word_1_116' title='bbox 999 2248 1088 2329; x_wconf 87' lang='lat' dir='ltr'><strong>libri</strong></span> <span class='ocrx_word' id='word_1_117' title='bbox 1109 2254 1192 2354; x_wconf 85' lang='lat' dir='ltr'><strong>ejus</strong></span> 
     </span>
     <span class='ocr_line' id='line_1_18' title="bbox 77 2371 1192 2467; baseline 0.003 -22"><span class='ocrx_word' id='word_1_118' title='bbox 77 2396 188 2446; x_wconf 89' lang='lat' dir='ltr'><strong>mnes</strong></span> <span class='ocrx_word' id='word_1_119' title='bbox 219 2371 534 2467; x_wconf 80' lang='lat' dir='ltr'><strong>incenderentur,</strong></span> <span class='ocrx_word' id='word_1_120' title='bbox 573 2373 627 2449; x_wconf 88' lang='lat' dir='ltr'><strong>ita</strong></span> <span class='ocrx_word' id='word_1_121' title='bbox 658 2372 755 2447; x_wconf 88' lang='lat' dir='ltr'><strong>mihi</strong></span> <span class='ocrx_word' id='word_1_122' title='bbox 786 2397 867 2447; x_wconf 93' lang='lat' dir='ltr'><strong>non</strong></span> <span class='ocrx_word' id='word_1_123' title='bbox 895 2373 1053 2448; x_wconf 85' lang='lat' dir='ltr'><strong>dubimn</strong></span> <span class='ocrx_word' id='word_1_124' title='bbox 1078 2377 1192 2448; x_wconf 90' lang='lat' dir='ltr'><strong>otiam</strong></span> 
     </span>
     <span class='ocr_line' id='line_1_19' title="bbox 77 2488 1194 2589; baseline 0.004 -26"><span class='ocrx_word' id='word_1_125' title='bbox 77 2498 114 2563; x_wconf 81' lang='lat' dir='ltr'><strong>st</strong></span> <span class='ocrx_word' id='word_1_126' title='bbox 147 2488 240 2588; x_wconf 86' lang='lat' dir='ltr'><strong>quin</strong></span> <span class='ocrx_word' id='word_1_127' title='bbox 272 2514 372 2566; x_wconf 87' lang='lat' dir='ltr'><strong>nova</strong></span> <span class='ocrx_word' id='word_1_128' title='bbox 403 2490 474 2565; x_wconf 83' lang='lat' dir='ltr'><strong>ista</strong></span> <span class='ocrx_word' id='word_1_129' title='bbox 507 2497 548 2564; x_wconf 92' lang='lat' dir='ltr'><strong>et</strong></span> <span class='ocrx_word' id='word_1_130' title='bbox 580 2490 727 2565; x_wconf 82' lang='lat' dir='ltr'><strong>insueta</strong></span> <span class='ocrx_word' id='word_1_131' title='bbox 751 2489 954 2589; x_wconf 84' lang='lat' dir='ltr'><strong>supplicia,</strong></span> <span class='ocrx_word' id='word_1_132' title='bbox 988 2492 1036 2566; x_wconf 91' lang='lat' dir='ltr'><strong>dc</strong></span> <span class='ocrx_word' id='word_1_133' title='bbox 1061 2493 1194 2567; x_wconf 82' lang='lat' dir='ltr'><strong>strrdiis</strong></span> 
     </span>
     <span class='ocr_line' id='line_1_20' title="bbox 77 2603 1194 2709; baseline 0.002 -27"><span class='ocrx_word' id='word_1_134' title='bbox 77 2615 224 2706; x_wconf 91' lang='lat' dir='ltr'><strong>umpta,</strong></span> <span class='ocrx_word' id='word_1_135' title='bbox 259 2603 339 2708; x_wconf 79' lang='lat' dir='ltr'><strong>jam</strong></span> <span class='ocrx_word' id='word_1_136' title='bbox 364 2609 435 2682; x_wconf 88' lang='lat' dir='ltr'><strong>sub</strong></span> <span class='ocrx_word' id='word_1_137' title='bbox 460 2607 633 2709; x_wconf 87' lang='lat' dir='ltr'><strong>Augusto</strong></span> <span class='ocrx_word' id='word_1_138' title='bbox 658 2609 868 2708; x_wconf 86' lang='lat' dir='ltr'><strong>excogitata</strong></span> <span class='ocrx_word' id='word_1_139' title='bbox 892 2607 1031 2683; x_wconf 82' lang='lat' dir='ltr'><strong>fuerint</strong></span> <span class='ocrx_word' id='word_1_140' title='bbox 1055 2618 1095 2684; x_wconf 91' lang='lat' dir='ltr'><strong>et</strong></span> <span class='ocrx_word' id='word_1_141' title='bbox 1118 2609 1194 2684; x_wconf 88' lang='lat' dir='ltr'><strong>La-</strong></span> 
     </span>
     <span class='ocr_line' id='line_1_21' title="bbox 77 2726 1196 2825; baseline 0.006 -29"><span class='ocrx_word' id='word_1_142' title='bbox 77 2728 193 2801; x_wconf 82' lang='lat' dir='ltr'><strong>·ienus</strong></span> <span class='ocrx_word' id='word_1_143' title='bbox 220 2727 287 2800; x_wconf 93' lang='lat' dir='ltr'><strong>illo</strong></span> <span class='ocrx_word' id='word_1_144' title='bbox 319 2726 442 2801; x_wconf 90' lang='lat' dir='ltr'><strong>adhuc</strong></span> <span class='ocrx_word' id='word_1_145' title='bbox 465 2726 679 2825; x_wconf 88' lang='lat' dir='ltr'><strong>imperante</strong></span> <span class='ocrx_word' id='word_1_146' title='bbox 708 2727 827 2804; x_wconf 87' lang='lat' dir='ltr'><strong>vitam</strong></span> <span class='ocrx_word' id='word_1_147' title='bbox 850 2727 1028 2802; x_wconf 83' lang='lat' dir='ltr'><strong>finiverit.</strong></span> <span class='ocrx_word' id='word_1_148' title='bbox 1078 2726 1126 2802; x_wconf 90' lang='lat' dir='ltr'><strong>In</strong></span> <span class='ocrx_word' id='word_1_149' title='bbox 1150 2751 1196 2803; x_wconf 89' lang='lat' dir='ltr'><strong>ea</strong></span> 
     </span>
     <span class='ocr_line' id='line_1_22' title="bbox 77 2843 1196 2945; baseline 0.004 -28"><span class='ocrx_word' id='word_1_150' title='bbox 77 2844 271 2945; x_wconf 86' lang='lat' dir='ltr'><strong>uspicioue</strong></span> <span class='ocrx_word' id='word_1_151' title='bbox 304 2867 368 2920; x_wconf 90' lang='lat' dir='ltr'><strong>mo</strong></span> <span class='ocrx_word' id='word_1_152' title='bbox 409 2845 692 2943; x_wconf 89' lang='lat' dir='ltr'><strong>quodammodo</strong></span> <span class='ocrx_word' id='word_1_153' title='bbox 735 2843 958 2920; x_wconf 88' lang='lat' dir='ltr'><strong>confirmant</strong></span> <span class='ocrx_word' id='word_1_154' title='bbox 991 2869 1056 2941; x_wconf 91' lang='lat' dir='ltr'><strong>ea,</strong></span> <span class='ocrx_word' id='word_1_155' title='bbox 1097 2871 1196 2944; x_wconf 85' lang='lat' dir='ltr'><strong>quae</strong></span> 
     </span>
     <span class='ocr_line' id='line_1_23' title="bbox 77 2961 1197 3063; baseline -0.002 -26"><span class='ocrx_word' id='word_1_156' title='bbox 77 2962 110 3037; x_wconf 86' lang='lat' dir='ltr'><strong>d.</strong></span> <span class='ocrx_word' id='word_1_157' title='bbox 144 2961 293 3038; x_wconf 83' lang='lat' dir='ltr'><strong>Seneca</strong></span> <span class='ocrx_word' id='word_1_158' title='bbox 323 2962 472 3039; x_wconf 74' lang='lat' dir='ltr'><strong>eoribitz</strong></span> <span class='ocrx_word' id='word_1_159' title='bbox 513 2963 649 3057; x_wconf 90' lang='lat' dir='ltr'><strong>„Bono</strong></span> <span class='ocrx_word' id='word_1_160' title='bbox 674 2961 831 3037; x_wconf 83' lang='lat' dir='ltr'><strong>hercrde</strong></span> <span class='ocrx_word' id='word_1_161' title='bbox 856 2964 1028 3063; x_wconf 83' lang='lat' dir='ltr'><strong>publice,</strong></span> <span class='ocrx_word' id='word_1_162' title='bbox 1060 2964 1132 3037; x_wconf 87' lang='lat' dir='ltr'><strong>ista</strong></span> <span class='ocrx_word' id='word_1_163' title='bbox 1156 2965 1197 3036; x_wconf 90' lang='lat' dir='ltr'><strong>in</strong></span> 
     </span>
     <span class='ocr_line' id='line_1_24' title="bbox 77 3080 1198 3183; baseline -0.004 -26"><span class='ocrx_word' id='word_1_164' title='bbox 77 3104 200 3157; x_wconf 78' lang='lat' dir='ltr'><strong>nenas</strong></span> <span class='ocrx_word' id='word_1_165' title='bbox 223 3081 417 3183; x_wconf 88' lang='lat' dir='ltr'><strong>ingeniosa</strong></span> <span class='ocrx_word' id='word_1_166' title='bbox 449 3082 650 3156; x_wconf 83' lang='lat' dir='ltr'><strong>crudelitas</strong></span> <span class='ocrx_word' id='word_1_167' title='bbox 683 3087 771 3180; x_wconf 86' lang='lat' dir='ltr'><strong>post</strong></span> <span class='ocrx_word' id='word_1_168' title='bbox 797 3080 1016 3157; x_wconf 86' lang='lat' dir='ltr'><strong>Ciceronem</strong></span> <span class='ocrx_word' id='word_1_169' title='bbox 1041 3081 1198 3157; x_wconf 88' lang='lat' dir='ltr'><strong>inventa</strong></span> 
     </span>
     <span class='ocr_line' id='line_1_25' title="bbox 77 3198 1199 3299; baseline -0.003 -22"><span class='ocrx_word' id='word_1_170' title='bbox 77 3198 165 3277; x_wconf 84' lang='lat' dir='ltr'><strong>st!“</strong></span> <span class='ocrx_word' id='word_1_171' title='bbox 190 3210 230 3275; x_wconf 87' lang='lat' dir='ltr'><strong>et</strong></span> <span class='ocrx_word' id='word_1_172' title='bbox 253 3200 343 3293; x_wconf 86' lang='lat' dir='ltr'><strong>„Dii</strong></span> <span class='ocrx_word' id='word_1_173' title='bbox 366 3201 524 3294; x_wconf 86' lang='lat' dir='ltr'><strong>melius,</strong></span> <span class='ocrx_word' id='word_1_174' title='bbox 550 3200 655 3299; x_wconf 83' lang='lat' dir='ltr'><strong>quod</strong></span> <span class='ocrx_word' id='word_1_175' title='bbox 679 3224 728 3275; x_wconf 93' lang='lat' dir='ltr'><strong>eo</strong></span> <span class='ocrx_word' id='word_1_176' title='bbox 756 3201 906 3275; x_wconf 78' lang='lat' dir='ltr'><strong>sacerdo</strong></span> <span class='ocrx_word' id='word_1_177' title='bbox 930 3200 1002 3273; x_wconf 70' lang='lat' dir='ltr'><strong>icta</strong></span> <span class='ocrx_word' id='word_1_178' title='bbox 1026 3200 1199 3299; x_wconf 87' lang='lat' dir='ltr'><strong>ingenio·</strong></span> 
     </span>
     <span class='ocr_line' id='line_1_26' title="bbox 77 3315 1199 3418; baseline -0.006 -25"><span class='ocrx_word' id='word_1_179' title='bbox 77 3342 148 3393; x_wconf 90' lang='lat' dir='ltr'><strong>um</strong></span> <span class='ocrx_word' id='word_1_180' title='bbox 172 3319 357 3417; x_wconf 73' lang='lat' dir='ltr'><strong>supplicia</strong></span> <span class='ocrx_word' id='word_1_181' title='bbox 373 3325 600 3418; x_wconf 71' lang='lat' dir='ltr'><strong>cooperculi,</strong></span> <span class='ocrx_word' id='word_1_182' title='bbox 627 3343 705 3418; x_wconf 89' lang='lat' dir='ltr'><strong>quo</strong></span> <span class='ocrx_word' id='word_1_183' title='bbox 725 3325 765 3391; x_wconf 91' lang='lat' dir='ltr'><strong>et</strong></span> <span class='ocrx_word' id='word_1_184' title='bbox 784 3317 937 3418; x_wconf 90' lang='lat' dir='ltr'><strong>ingenia</strong></span> <span class='ocrx_word' id='word_1_185' title='bbox 961 3315 1199 3390; x_wconf 83' lang='lat' dir='ltr'><strong>desieruntt“</strong></span> 
     </span>
     <span class='ocr_line' id='line_1_27' title="bbox 77 3433 1203 3536; baseline -0.004 -24"><span class='ocrx_word' id='word_1_186' title='bbox 77 3440 274 3536; x_wconf 72' lang='lat' dir='ltr'><strong>iti-umqum</strong></span> <span class='ocrx_word' id='word_1_187' title='bbox 299 3438 443 3513; x_wconf 74' lang='lat' dir='ltr'><strong>dicurm</strong></span> <span class='ocrx_word' id='word_1_188' title='bbox 468 3438 567 3512; x_wconf 84' lang='lat' dir='ltr'><strong>cedit</strong></span> <span class='ocrx_word' id='word_1_189' title='bbox 591 3437 633 3511; x_wconf 90' lang='lat' dir='ltr'><strong>iu</strong></span> <span class='ocrx_word' id='word_1_190' title='bbox 657 3443 876 3512; x_wconf 86' lang='lat' dir='ltr'><strong>extremum</strong></span> <span class='ocrx_word' id='word_1_191' title='bbox 899 3433 1055 3534; x_wconf 82' lang='lat' dir='ltr'><strong>Augusti</strong></span> <span class='ocrx_word' id='word_1_192' title='bbox 1078 3433 1203 3531; x_wconf 88' lang='lat' dir='ltr'><strong>impe-</strong></span> 
     </span>
     <span class='ocr_line' id='line_1_28' title="bbox 77 3547 1201 3655; baseline -0.009 -22"><span class='ocrx_word' id='word_1_193' title='bbox 77 3559 177 3633; x_wconf 85' lang='lat' dir='ltr'><strong>ium.</strong></span> <span class='ocrx_word' id='word_1_194' title='bbox 242 3553 365 3655; x_wconf 84' lang='lat' dir='ltr'><strong>Atque</strong></span> <span class='ocrx_word' id='word_1_195' title='bbox 403 3554 578 3629; x_wconf 85' lang='lat' dir='ltr'><strong>Tiberius</strong></span> <span class='ocrx_word' id='word_1_196' title='bbox 612 3554 714 3629; x_wconf 92' lang='lat' dir='ltr'><strong>haud</strong></span> <span class='ocrx_word' id='word_1_197' title='bbox 749 3554 865 3628; x_wconf 91' lang='lat' dir='ltr'><strong>dubie</strong></span> <span class='ocrx_word' id='word_1_198' title='bbox 897 3551 1051 3647; x_wconf 86' lang='lat' dir='ltr'><strong>habuit,</strong></span> <span class='ocrx_word' id='word_1_199' title='bbox 1092 3547 1201 3649; x_wconf 84' lang='lat' dir='ltr'><strong>cujus</strong></span> 
     </span>
     <span class='ocr_line' id='line_1_29' title="bbox 77 3669 1201 3775; baseline -0.012 -23"><span class='ocrx_word' id='word_1_200' title='bbox 77 3673 230 3775; x_wconf 73' lang='lat' dir='ltr'><strong>estigiis</strong></span> <span class='ocrx_word' id='word_1_201' title='bbox 254 3673 534 3775; x_wconf 85' lang='lat' dir='ltr'><strong>ingrederetur,</strong></span> <span class='ocrx_word' id='word_1_202' title='bbox 568 3696 657 3748; x_wconf 92' lang='lat' dir='ltr'><strong>cum</strong></span> <span class='ocrx_word' id='word_1_203' title='bbox 682 3697 717 3748; x_wconf 88' lang='lat' dir='ltr'><strong>a.</strong></span> <span class='ocrx_word' id='word_1_204' title='bbox 736 3670 780 3745; x_wconf 88' lang='lat' dir='ltr'><strong>U.</strong></span> <span class='ocrx_word' id='word_1_205' title='bbox 800 3671 842 3745; x_wconf 87' lang='lat' dir='ltr'><strong>G.</strong></span> <span class='ocrx_word' id='word_1_206' title='bbox 859 3672 948 3745; x_wconf 79' lang='lat'><strong>778.</strong></span> <span class='ocrx_word' id='word_1_207' title='bbox 973 3669 1070 3745; x_wconf 88' lang='lat' dir='ltr'><strong>truci</strong></span> <span class='ocrx_word' id='word_1_208' title='bbox 1093 3670 1201 3745; x_wconf 85' lang='lat' dir='ltr'><strong>vultu</strong></span> 
     </span>
     <span class='ocr_line' id='line_1_30' title="bbox 77 3782 1203 3890; baseline -0.007 -21"><span class='ocrx_word' id='word_1_209' title='bbox 77 3792 254 3890; x_wconf 76' lang='lat' dir='ltr'><strong>eriperet</strong></span> <span class='ocrx_word' id='word_1_210' title='bbox 267 3790 448 3866; x_wconf 89' lang='lat' dir='ltr'><strong>Cremutii</strong></span> <span class='ocrx_word' id='word_1_211' title='bbox 466 3789 580 3865; x_wconf 86' lang='lat' dir='ltr'><strong>Cordi</strong></span> <span class='ocrx_word' id='word_1_212' title='bbox 607 3788 867 3865; x_wconf 84' lang='lat' dir='ltr'><strong>defensionem</strong></span> <span class='ocrx_word' id='word_1_213' title='bbox 892 3796 931 3863; x_wconf 87' lang='lat' dir='ltr'><strong>et</strong></span> <span class='ocrx_word' id='word_1_214' title='bbox 945 3791 1073 3863; x_wconf 86' lang='lat' dir='ltr'><strong>Patres</strong></span> <span class='ocrx_word' id='word_1_215' title='bbox 1089 3782 1203 3886; x_wconf 84' lang='lat' dir='ltr'><strong>hujus</strong></span> 
     </span>
     <span class='ocr_line' id='line_1_31' title="bbox 77 3905 1204 4008; baseline -0.004 -23"><span class='ocrx_word' id='word_1_216' title='bbox 77 3912 183 3985; x_wconf 84' lang='lat' dir='ltr'><strong>ibros</strong></span> <span class='ocrx_word' id='word_1_217' title='bbox 215 3933 286 4008; x_wconf 90' lang='lat' dir='ltr'><strong>per</strong></span> <span class='ocrx_word' id='word_1_218' title='bbox 317 3909 469 3983; x_wconf 85' lang='lat' dir='ltr'><strong>Aediles</strong></span> <span class='ocrx_word' id='word_1_219' title='bbox 495 3909 720 3982; x_wconf 84' lang='lat' dir='ltr'><strong>cremandos</strong></span> <span class='ocrx_word' id='word_1_220' title='bbox 754 3915 968 3983; x_wconf 88' lang='lat' dir='ltr'><strong>censerent.</strong></span> <span class='ocrx_word' id='word_1_221' title='bbox 1032 3905 1088 3980; x_wconf 92' lang='lat' dir='ltr'><strong>Ac</strong></span> <span class='ocrx_word' id='word_1_222' title='bbox 1114 3929 1204 3981; x_wconf 93' lang='lat' dir='ltr'><strong>cum</strong></span> 
     </span>
     <span class='ocr_line' id='line_1_32' title="bbox 77 4024 1204 4120; baseline -0.002 -18"><span class='ocrx_word' id='word_1_223' title='bbox 77 4027 222 4103; x_wconf 71' lang='lat' dir='ltr'><strong>tacitus</strong></span> <span class='ocrx_word' id='word_1_224' title='bbox 245 4026 344 4100; x_wconf 87' lang='lat' dir='ltr'><strong>Anu.</strong></span> <span class='ocrx_word' id='word_1_225' title='bbox 359 4025 467 4099; x_wconf 86' lang='lat' dir='ltr'><strong>Libr.</strong></span> <span class='ocrx_word' id='word_1_226' title='bbox 481 4024 549 4102; x_wconf 81' lang='lat' dir='ltr'><strong>lv.</strong></span> <span class='ocrx_word' id='word_1_227' title='bbox 576 4050 611 4102; x_wconf 90' lang='lat' dir='ltr'><strong>o.</strong></span> <span class='ocrx_word' id='word_1_228' title='bbox 629 4025 693 4102; x_wconf 84' lang='lat'><strong>35.</strong></span> <span class='ocrx_word' id='word_1_229' title='bbox 717 4027 859 4120; x_wconf 89' lang='lat' dir='ltr'><strong>tradat,</strong></span> <span class='ocrx_word' id='word_1_230' title='bbox 886 4026 1071 4101; x_wconf 85' lang='lat' dir='ltr'><strong>Gremrrtii</strong></span> <span class='ocrx_word' id='word_1_231' title='bbox 1090 4025 1204 4101; x_wconf 88' lang='lat' dir='ltr'><strong>Cordi</strong></span> 
     </span>
     <span class='ocr_line' id='line_1_33' title="bbox 77 4144 1205 4221; baseline -0.004 -1"><span class='ocrx_word' id='word_1_232' title='bbox 77 4146 186 4221; x_wconf 79' lang='lat' dir='ltr'><strong>ibror</strong></span> <span class='ocrx_word' id='word_1_233' title='bbox 209 4145 392 4219; x_wconf 80' lang='lat' dir='ltr'><strong>meruisse</strong></span> <span class='ocrx_word' id='word_1_234' title='bbox 416 4151 545 4219; x_wconf 91' lang='lat' dir='ltr'><strong>tamen</strong></span> <span class='ocrx_word' id='word_1_235' title='bbox 569 4146 780 4221; x_wconf 84' lang='lat' dir='ltr'><strong>occultatos</strong></span> <span class='ocrx_word' id='word_1_236' title='bbox 805 4151 844 4218; x_wconf 93' lang='lat' dir='ltr'><strong>et</strong></span> <span class='ocrx_word' id='word_1_237' title='bbox 867 4144 990 4219; x_wconf 88' lang='lat' dir='ltr'><strong>editos</strong></span> <span class='ocrx_word' id='word_1_238' title='bbox 1015 4168 1100 4220; x_wconf 85' lang='lat' dir='ltr'><strong>esse</strong></span> <span class='ocrx_word' id='word_1_239' title='bbox 1132 4144 1205 4217; x_wconf 86' lang='lat' dir='ltr'><strong>snb</strong></span> 
     </span>
     <span class='ocr_line' id='line_1_34' title="bbox 77 4260 1207 4362; baseline -0.007 -21"><span class='ocrx_word' id='word_1_240' title='bbox 77 4260 242 4357; x_wconf 68' lang='lat' dir='ltr'><strong>tiberio,</strong></span> <span class='ocrx_word' id='word_1_241' title='bbox 280 4261 347 4362; x_wconf 88' lang='lat' dir='ltr'><strong>qni</strong></span> <span class='ocrx_word' id='word_1_242' title='bbox 372 4286 527 4337; x_wconf 89' lang='lat' dir='ltr'><strong>omnem</strong></span> <span class='ocrx_word' id='word_1_243' title='bbox 552 4262 740 4338; x_wconf 80' lang='lat' dir='ltr'><strong>sentiendi</strong></span> <span class='ocrx_word' id='word_1_244' title='bbox 773 4269 813 4336; x_wconf 87' lang='lat' dir='ltr'><strong>et</strong></span> <span class='ocrx_word' id='word_1_245' title='bbox 836 4262 1028 4337; x_wconf 79' lang='lat' dir='ltr'><strong>scribendi</strong></span> <span class='ocrx_word' id='word_1_246' title='bbox 1053 4264 1207 4335; x_wconf 87' lang='lat' dir='ltr'><strong>liberta-</strong></span> 
     </span>
     <span class='ocr_line' id='line_1_35' title="bbox 77 4373 1206 4481; baseline -0.014 -20"><span class='ocrx_word' id='word_1_247' title='bbox 77 4404 146 4461; x_wconf 80' lang='lat' dir='ltr'><strong>m</strong></span> <span class='ocrx_word' id='word_1_248' title='bbox 170 4382 425 4473; x_wconf 67' lang='lat' dir='ltr'><strong>noverum</strong></span> <span class='ocrx_word' id='word_1_249' title='bbox 459 4379 644 4458; x_wconf 83' lang='lat' dir='ltr'><strong>habemus</strong></span> <span class='ocrx_word' id='word_1_250' title='bbox 677 4402 769 4457; x_wconf 82' lang='lat' dir='ltr'><strong>sane</strong></span> <span class='ocrx_word' id='word_1_251' title='bbox 796 4382 900 4481; x_wconf 76' lang='lat' dir='ltr'><strong>(prod</strong></span> <span class='ocrx_word' id='word_1_252' title='bbox 925 4382 1028 4455; x_wconf 91' lang='lat' dir='ltr'><strong>idem</strong></span> <span class='ocrx_word' id='word_1_253' title='bbox 1053 4377 1102 4449; x_wconf 86' lang='grc' dir='ltr'><strong>Τ.</strong></span> <span class='ocrx_word' id='word_1_254' title='bbox 1130 4373 1206 4447; x_wconf 90' lang='lat' dir='ltr'><strong>La·</strong></span> 
     </span>
    </p>

    <p class='ocr_par' dir='ltr' id='par_1_4' title="bbox 882 4500 968 4574">
     <span class='ocr_line' id='line_1_36' title="bbox 882 4500 968 4574; baseline -0.023 0"><span class='ocrx_word' id='word_1_255' title='bbox 882 4500 968 4574; x_wconf 74' lang='lat'><strong>21*</strong></span> 
     </span>
    </p>
   </div>
   <div class='ocr_carea' id='block_1_3' title="bbox 0 0 1349 5294">
    <p class='ocr_par' dir='ltr' id='par_1_5' title="bbox 0 0 1349 5294">
     <span class='ocr_line' id='line_1_37' title="bbox 0 0 1349 5294; baseline 0 0"><span class='ocrx_word' id='word_1_256' title='bbox 0 0 1349 5294; x_wconf 95' lang='lat' dir='ltr'><strong> </strong></span> 
     </span>
    </p>
   </div>
  </div>
 </body>
</html>
