2670 5294
96 635 149 710 38
452 656 501 705 un
529 656 565 704 ι.
593 653 718 717 vauro
745 652 889 705 ronne.

96 819 408 923 persequendmn
441 817 484 894 in
518 814 628 892 Sext.
662 811 837 918 Pompeii
869 820 994 901 eam
1030 811 1237 893 tramiaret

95 937 221 1041 Hujus
252 939 372 1039 igitur
403 936 516 1014 amici
549 935 761 1014 fortitudini
798 943 839 1011 et
870 934 1030 1011 militine
1068 933 1237 1017 noman

98 1085 214 1136 suum
229 1058 397 1134 reditum
413 1057 534 1136 veluti
547 1054 678 1158 lugam
695 1054 830 1133 festive
847 1053 1008 1155 opponit
1021 1059 1063 1129 et
1090 1053 1237 1155 pulchre

98 1180 234 1257 scribit
257 1203 295 1254 v.
316 1178 377 1252 13.

220 1298 297 1372 sed
319 1321 381 1370 uta
399 1321 476 1397 per
501 1297 629 1371 lwsles
651 1293 874 1377 Marmaricus
899 1295 997 1371 oeler

144 1426 147 1432 '
221 1419 354 1495 Dauo
378 1428 586 1517 pauentem
611 1411 773 1489 scandit
797 1416 912 1488 uires

287 1538 343 1612 Te
366 1560 508 1609 rursus
531 1533 578 1609 a'n
602 1533 742 1608 bellum
765 1533 966 1609 resorlem

349 1655 465 1732 Uada
479 1652 612 1754 fretis
632 1651 725 1736 tecla}
750 1651 954 1728 [tortuosis.

101 1774 377 1876 Sospos'enim
405 1782 447 1847 et
471 1772 519 1847 ab
544 1773 718 1849 hostibus
743 1772 945 1848 inviolatus
970 1771 1139 1849 Romam
1162 1795 1239 1849 eva·

101 1905 206 1977 suat
231 1896 355 1972 otium
380 1900 589 1969 secuturus.
640 1890 718 1967 Ista
742 1892 857 1993 igitur
880 1890 969 1995 firgo
992 1894 1157 1968 minime
1172 1900 1241 1967 tur·

103 2017 163 2120 pis
187 2013 326 2091 fuerat.
386 2012 520 2110 Neque
554 2011 672 2087 etiam
696 2019 779 2086 erat
813 2014 917 2110 qnod
942 2014 1072 2112 ipsum
1096 2013 1241 2088 talione

103 2135 300 2238 parmulae
335 2133 514 2231 puderet,
550 2156 639 2207 cum
673 2155 761 2206 eam
785 2157 865 2207 non
890 2155 943 2207 ex
967 2133 1145 2235 ignavia,
1182 2131 1241 2207 sal

102 2252 284 2354 prudenti
317 2252 452 2333 ductis
486 2251 645 2327 consilio
674 2247 887 2351 abjecisset.
939 2251 1100 2327 Minime
1125 2253 1240 2355 igitur,

85 2360 148 2448 'ut
170 2371 267 2446 mihi
291 2370 447 2469 quidem
472 2370 641 2463 videtum,
675 2393 759 2445 rem
784 2371 834 2445 ‹le
852 2357 1014 2469 elrjecto'
1028 2380 1137 2448 scuto
1158 2397 1240 2448 con·

104 2488 216 2566 finxit
239 2490 388 2580 Poeta}
420 2496 459 2563 at
493 2512 539 2563 oa
566 2489 700 2588 utipre
724 2499 853 2566 mente
880 2514 967 2566 eam
991 2491 1056 2566 hic
1080 2514 1238 2567 comma·
1274 2506 1277 2525 ¹

104 2609 291 2712 moravit,
322 2615 364 2683 ut
388 2607 571 2682 Alcaeum
596 2617 636 2684 et
660 2609 932 2685 Archilochum
961 2609 1071 2685 factis
1097 2630 1238 2711 quoque

103 2731 272 2807 tiniam
306 2750 392 2805 essa
425 2727 623 2805 rideretur
631 2729 713 2824 31).·
755 2708 866 2804 l'stius
906 2728 1027 2829 fugae,
1061 2756 1143 2806 non
1179 2753 1237 2828 pu·

105 2851 252 2929 dandae
284 2847 425 2924 iterum
458 2847 693 2923 montionem
725 2846 815 2925 facit
845 2848 956 2924 Libri
980 2848 1032 2923 Π.
1066 2849 1234 2952 Epion

105 2995 145 3049 v.
167 2970 232 3044 49.

162 3085 274 3161 vnde
298 3083 420 3159 simul
436 3082 615 3182 primum
638 3109 700 3159 aaa
724 3084 906 3161 divulsere
929 3086 1123 3189 Philippi,
1269 3100 1277 3149 t

156 3200 310 3281 Decea
335 3199 520 3277 lumime
539 3203 706 3302 pennis,
732 3202 961 3306 inopemque
978 3209 1143 3307 paterni

157 3322 211 3400 Et
236 3320 337 3397 laris
362 3333 400 3397 et
414 3319 568 3421 fundi,
590 3335 814 3425 paupertas
837 3322 996 3424 impulit
1022 3327 1176 3419 artduae,

38 3500 43 3509 .
160 3443 216 3518 ln
241 3466 378 3516 veram
392 3440 588 3540 sacoma.

107 3559 271 3636 Romam
295 3559 446 3636 videtur
471 3560 692 3659 parvenisse
719 3585 820 3635 armo
846 3562 892 3636 U.
910 3562 952 3638 G.
970 3563 1059 3640 713.
1085 3564 1247 3657 inaurata,

107 3679 197 3774 ubi,
232 3702 321 3753 cum
344 3686 495 3779 patrem
527 3679 608 3754 vita
637 3670 858 3755 defimcurm
882 3682 1090 3760 invenisset
1115 3683 1256 3784 spotia

47 3851 53 3879 .
108 3805 267 3896 tumque
300 3823 371 3897 per
403 3798 495 3872 belli
530 3797 650 3871 civilis
686 3800 916 3876 calamitates
952 3826 1083 3878 macro
1117 3802 1258 3905 agello,

108 3941 227 4018 quem
264 3915 452 3990 Venusiae
488 3916 692 4014 reliquerat
726 3941 760 3991 a.
787 3919 832 3992 U.
861 3918 903 3993 C.
927 3922 1016 3995 696.
1053 3945 1144 3996 cum
1177 3919 1263 3994 lilio

109 4035 285 4136 septenni
319 4033 483 4110 Romam
522 4032 737 4136 profectus,
781 4062 928 4112 summa
962 4063 1096 4115 remon
1129 4039 1263 4141 inopis

109 4179 261 4254 pressim
295 4155 413 4231 vitam
444 4155 608 4257 degebat
642 4155 832 4231 miseram.
897 4158 1042 4251 Quibus
1070 4182 1125 4234 ex
1158 4160 1262 4236 vitae

109 4273 270 4347 miseriis
295 4275 396 4348 nulla
423 4274 459 4350 ei
485 4275 575 4368 alia,
609 4282 653 4348 ut
678 4281 763 4349 tum
787 4283 962 4376 tempora
987 4285 1117 4373 erant,
1147 4285 1258 4378 pate-

110 4389 178 4464 bat
203 4391 528 4494 emargendi'via,
562 4417 680 4491 quam
712 4401 756 4467 ut
789 4418 832 4469 se
865 4421 1108 4497 quocumque
1140 4398 1255 4474 modo

197 4666 251 4732 31)
281 4659 368 4720 Haud
396 4662 498 4722 inscite
525 4665 562 4725 de
590 4663 645 4727 lasa
665 4668 914 4744 famigeratissima
935 4668 1049 4732 Horatii
1077 4670 1148 4751 suga
1169 4689 1257 4751 nuper

109 4748 265 4824 disputavit
286 4744 354 4807 Ger.
377 4744 531 4818 Panaetius
553 4753 584 4811 in
608 4751 672 4814 Vir.
697 4752 812 4816 Horat.
834 4776 865 4833 p.
883 4754 1041 4819 xxxin.
1061 4754 1100 4820 N.
1121 4759 1176 4821 95.
