2670 5294
402 284 453 335 nn
479 283 616 335 cnssro
636 284 856 337 inausum.
1135 269 1210 346 271

63 444 218 543 »ΟΜ
249 454 307 521 est
340 445 453 545 opud
491 444 693 539 cassum,
725 448 846 525 Nooto
880 449 1107 551 intempesta
1141 481 1215 532 uo-

64 572 188 639 stram
211 564 367 641 devenit
391 566 590 640 domum.“
640 565 691 640 Et
712 566 897 643 Miillems
920 572 1121 648 verissime
1146 579 1215 650 ad-

64 685 236 778 monuit,
277 683 343 759 isti
378 685 607 762 eorrectioni
643 687 759 759 etiam
784 688 877 762 illud
903 690 1075 784 obstare,
1111 697 1214 791 quod

63 802 170 878 Atrio
196 826 432 901 praenomen
458 802 596 894 Lucii,
622 830 700 880 non
729 804 818 899 Cny'i
840 806 975 882 fuerit:
1000 812 1078 885 vid.
1103 812 1213 887 Libr.

63 924 108 997 V.
142 932 176 1013 §-
202 922 268 997 80.
302 949 341 1021 p.
371 923 488 1020 32⁸7
546 922 680 1021 Neque
714 947 784 1025 ego
819 926 950 1001 dubito
985 930 1080 1027 quin
1111 935 1213 1029 apud

64 1042 279 1117 Varronem
310 1040 419 1115 Libr.
446 1041 508 1114 tl.
534 1068 572 1139 p.
588 1042 653 1117 85.
677 1044 762 1143 Bip.
798 1070 869 1144 pro
898 1047 1019 1147 vulga
1055 1050 1217 1146 „Quaeri

61 1162 365 1260 Helleqrorrtum
382 1172 422 1234 et
436 1162 613 1235 eleustus
619 1168 664 1256 ,“
687 1160 849 1238 Miiilero
864 1177 1073 1263 praeeunte
1093 1172 1212 1244 edon·

61 1282 159 1355 dum
183 1281 253 1355 sita
287 1279 455 1376 „Cassiis

304 1400 603 1499 Hellespontum
628 1411 665 1472 et
689 1400 916 1490 clanstru,·“

59 1542 142 1617 quo
168 1516 268 1592 facto
293 1544 439 1594 novum
454 1519 649 1594 lucramur
664 1519 877 1620 tragoediae
895 1519 1093 1597 Cassianae
1109 1524 1211 1627 frag-

59 1646 245 1711 mentum.
299 1638 374 1711 l'ro
400 1663 439 1714 v.
462 1635 606 1732 Quicni,
634 1639 738 1735 quod
768 1637 927 1713 Codices
953 1641 1105 1735 habent,
1132 1642 1210 1743 jam

59 1754 266 1855 Scioppius
282 1751 497 1856 oonjeoorat
519 1755 690 1843 Curtius,
719 1758 787 1829 sed
804 1757 980 1834 Ursinusz
1011 1763 1210 1838 GAuius.

60 1872 308 1975 Spengelius,
351 1874 518 1949 retinens
551 1875 709 1971 quidem
741 1877 842 1973 apud
870 1878 1076 1954 Varronem
1101 1880 1210 1956 Libr.

59 1992 149 2065 ΠΙ.
184 2020 224 2091 p.
253 1996 342 2069 307.
384 1992 591 2067 lectionem
631 1994 839 2094 vulgatam,
883 1999 1047 2094 pervidit
1083 2008 1211 2075 tamen

58 2136 108 2187 ao
139 2110 335 2187 ooniessus
370 2120 451 2204 est,
492 2111 534 2184 in
568 2136 607 2188 v.
642 2110 774 2212 qimai,
817 2115 878 2188 vel
915 2118 966 2189 ob
992 2142 1099 2214 seqq.
1134 2133 1210 2208 „ut

57 2229 217 2305 Ennius
242 2231 356 2321 uit,“
380 2231 497 2306 latere
522 2255 666 2304 nomeu
681 2232 859 2305 auctoris.
912 2236 994 2326 Qua
1013 2236 1060 2307 de
1079 2260 1210 2311 eairssa

57 2349 297 2449 probandam
332 2350 666 2447 recipiendumque
703 2350 802 2423 (lineo
836 2348 989 2423 Miillori
1015 2350 1208 2454 conjectu·

58 2492 147 2541 ram
171 2470 221 2542 ad
241 2467 452 2541 Libr.V11.
479 2477 510 2556 §.
528 2470 591 2541 21.
620 2494 660 2565 p.
684 2470 770 2541 127.

164 2585 252 2662 Jam
283 2594 328 2661 ut
362 2612 497 2662 verum
523 2587 590 2677 sit,
628 2585 807 2660 Cassium
831 2590 1035 2685 quomdam
1060 2615 1082 2664 a
1108 2588 1208 2664 Var-

58 2728 158 2779 rone
200 2706 494 2781 oonmiomorari
534 2704 656 2778 Bruti
705 2707 920 2805 tragoediae
964 2710 1205 2807 scriptorum

58 2832 191 2899 minen
217 2826 388 2898 noudum
414 2833 560 2899 eertum
595 2831 654 2897 est
680 2824 1000 2922 exploratunupre
1012 2881 1024 2920 ,
1060 2854 1207 2903 sermo-

59 2968 153 3019 nem
177 2966 264 3017 esse
291 2945 340 3017 de
367 2943 496 3018 Cassio
523 2942 730 3017 Parmensi.
791 2942 830 3015 Is
856 2955 938 3016 orat
964 2948 1127 3042 aequalis
1151 2948 1205 3022 M.

59 3060 264 3154 Varronis,
290 3061 450 3137 fortasse
476 3061 618 3159 aliquot
644 3061 753 3135 annis
778 3062 916 3136 minor.
969 3066 1207 3164 Quapropter

59 3186 196 3273 erunt,
240 3181 307 3278 qui
345 3188 505 3279 negent,
551 3180 759 3253 Varronem
801 3180 994 3278 scriptoris
1038 3185 1205 3279 aequalis

56 3300 285 3375 auctoritate
310 3306 351 3373 et
370 3298 586 3373 testimonio
606 3322 719 3371 usum
744 3320 829 3371 esse
846 3298 886 3369 iu
902 3299 975 3371 hoe
993 3301 1041 3373 de
1057 3302 1205 3401 Lingua
1223 3348 1227 3355 ·

58 3496 107 3505 -.-
124 3494 273 3505 .-...—......

143 3604 200 3685 50)
223 3600 367 3665 Varronis
388 3606 473 3664 rerba
496 3602 567 3665 haec
585 3614 668 3665 snut:
702 3600 833 3674 „Comul
857 3605 1033 3679 iromiuatus,
1066 3607 1117 3679 qui
1137 3626 1203 3665 cou-

46 3692 168 3753 mleret
199 3692 337 3765 populum
364 3700 394 3751 et
423 3702 572 3768 senatuum,
607 3691 664 3748 nisi
694 3690 776 3748 illinc
797 3691 910 3765 potius,
939 3690 1015 3750 unde
1034 3689 1144 3750 Accius
1165 3693 1205 3751 ait

42 3778 79 3839 in
103 3776 222 3837 Brutos

302 3860 363 3945 (tat
379 3874 457 3921 reete
476 3860 623 3935 consulut,
646 3858 749 3919 conred
757 3860 838 3940 suot
849 3863 887 3934 ,·“

41 3948 101 4011 ubi
135 3942 239 4005 Codex
268 3944 441 4006 Hamiensis
476 3946 603 4019 Torius,
642 3946 696 4002 snb
726 3966 782 4017 quo
811 3942 956 4003 Miiiierus
979 3947 1138 4019 srrspimtus
1160 3958 1205 4008 est

40 4034 148 4097 lusere
172 4028 210 4091 l..
226 4031 359 4104 Accius,
381 4032 437 4089 nisi
459 4031 533 4089 sorte
553 4042 677 4104 praestat
698 4031 727 4088 in
748 4028 803 4089 hae
823 4041 954 4105 saraipta
975 4030 1098 4091 lectione
1117 4054 1205 4110 ogno-

40 4138 137 4183 mre
159 4138 258 4177 veram
278 4119 400 4177 nominis
421 4118 606 4191 scripturam:
642 4115 750 4174 Attius
755 4158 766 4188 ,
799 4115 835 4173 de
857 4137 912 4190 qua
942 4136 1028 4190 supra
1058 4120 1087 4176 iu
1116 4120 1204 4179 (iom-

42 4214 144 4267 ment.
177 4200 217 4263 de
238 4200 279 4261 L.
304 4198 343 4259 V
337 4205 404 4261 orio
426 4200 518 4261 Poeta
539 4204 568 4273 5.
585 4207 614 4260 2.
634 4198 671 4259 Ν.
691 4208 721 4262 7.
750 4200 857 4259 dictum
886 4211 941 4260 est.
991 4198 1142 4262 (facierum
1165 4205 1202 4261 de
1263 4196 1266 4203 ’

41 4288 108 4351 hae
137 4286 218 4347 Attii
252 4287 366 4359 nbula,
401 4306 476 4361 quiae
508 4297 686 4361 praetextata
713 4286 787 4362 suit,
825 4286 956 4346 ensiferas
985 4310 1059 4361 quae
1089 4291 1204 4363 scripsit

40 4370 235 4439 nummu
253 4376 285 4437 in
304 4372 385 4435 um.
405 4370 493 4435 Rom.
514 4370 600 4433 Tan.
613 4369 640 4431 1.
661 4392 692 4448 p.
710 4376 785 4433 aaa.
807 4368 845 4431 Ν.
868 4376 964 4435 sora.
985 4373 1033 4433 ed
1052 4384 1083 4434 2.
