2670 5294
409 646 459 697 or
486 646 523 697 s.
549 645 675 699 vsarc
702 647 847 699 rossa.
1150 624 1203 701 43
1301 632 1310 647 “

48 812 137 909 Quo
173 810 218 885 in
250 810 338 886 loco
370 810 404 885 si
434 810 608 885 animum
643 808 877 888 advertimus
914 810 962 885 ad
995 833 1063 906 ea,
1105 836 1206 912 quae

47 955 91 1009 v.
110 926 177 1005 54.
202 929 334 1005 scribit
358 930 559 1025 Horatius,
594 954 637 1005 se
670 930 764 1005 olim
788 930 959 1030 primrms
983 929 1032 1004 ab
1058 932 1206 1031 optimo

49 1050 238 1152 Virgilio,
275 1056 316 1125 et
339 1056 428 1150 post
451 1049 556 1125 hunc
581 1073 605 1123 a
630 1048 748 1125 Vario
765 1030 985 1124 ‘Maecenati
1011 1073 1207 1126 commen-

54 1170 192 1245 datum
217 1192 319 1259 esse3
353 1194 435 1245 non
459 1154 660 1263 veremur,
694 1192 744 1244 ne
769 1163 991 1268 conjectans
1015 1166 1205 1264 fallamur,

51 1288 86 1367 oi
109 1288 204 1363 inde
228 1287 460 1389 colligimus,
486 1288 736 1364 venustiorem
757 1287 878 1363 inissa
903 1284 986 1391 ejus
1012 1314 1101 1363 cum
1117 1288 1207 1364 Vir-

50 1407 146 1511 gilio
180 1431 297 1507 quam
329 1431 419 1481 cum
454 1406 571 1482 Vario
606 1407 941 1483 necessitudinem.
1011 1408 1204 1502 Quorsum

51 1526 163 1603 enim
194 1526 303 1622 dicit,
342 1527 449 1627 prius
481 1526 684 1629 Virgilium
717 1535 758 1602 et
790 1535 877 1625 post
910 1527 1013 1603 hunc
1046 1528 1204 1602 demum

54 1644 214 1721 Varium
229 1644 439 1721 Maecenati
465 1646 625 1740 dixisse,
652 1645 745 1744 quid
770 1641 899 1721 esset?
932 1645 1034 1741 Sed,
1061 1654 1103 1719 ut
1127 1642 1206 1746 jam

53 1787 177 1865 supra
197 1765 350 1861 monui,
386 1763 564 1867 Virgilius
590 1772 722 1842 vetere
747 1766 911 1840 amicitia
936 1762 1090 1867 junctus
1117 1788 1207 1839 curn

53 1883 216 1959 Horatio
251 1884 422 1984 primum
454 1883 502 1958 L.
534 1882 643 1959 Varii
684 1884 857 1958 animum
892 1892 931 1959 et
969 1864 1208 1960 volrmta'tem

54 2004 92 2077 ei
118 2002 406 2095 conciliaverat3
433 2003 572 2078 deinde
598 2025 689 2077 eum
714 2002 946 2098 Maecenati,
980 2002 1118 2077 tradita
1135 2000 1208 2075 Sa·

53 2123 126 2198 tim
153 2122 336 2220 septima,
374 2123 645 2198 commendare
679 2132 871 2223 coeperat.
931 2123 1058 2220 Atque
1083 2120 1208 2195 Hora·

55 2242 151 2335 tius,
201 2266 291 2317 cum
332 2239 501 2316 Satiram
541 2242 747 2317 secumdam
793 2244 1027 2345 evulgasset,
1073 2238 1208 2338 procul

55 2359 173 2437 dubio
198 2360 281 2459 ipse
304 2360 582 2460 impedimento
607 2360 700 2456 am,
735 2388 812 2461 quo
838 2364 967 2437 minus
991 2359 1207 2452 Maecenas,

55 2481 204 2579 sprippe
237 2503 354 2577 quem
388 2478 569 2554 Malchini
614 2504 758 2555 nomen
791 2487 1000 2582 pangeret,
1046 2476 1207 2579 Virgilio

56 2597 227 2673 laudanti
252 2599 419 2673 amicum
443 2624 558 2674 surnn
576 2600 932 2697 commendantium
946 2597 1077 2673 faciles
1094 2619 1209 2695 prae-

57 2718 168 2795 beret
200 2742 325 2794 alnes.
385 2717 433 2793 L.
465 2717 606 2792 Varius
641 2727 789 2811 autem,
824 2718 892 2815 qui
924 2717 1050 2816 primo
1084 2713 1209 2787 statim

59 2836 124 2913 illo
158 2837 306 2913 Horatii
341 2837 508 2913 carmirro
542 2837 643 2913 lecto
676 2838 780 2912 haud
814 2835 932 2910 dadsie
967 2830 1049 2936 ejus
1074 2854 1208 2907 amore

65 2967 191 3057 captura
216 2965 295 3051 est,
327 2955 372 3029 in
396 2956 478 3029 dies
502 2954 724 3033 familiarior
749 2956 785 3031 ei
811 2954 895 3030 fiori
921 2955 1060 3054 coepit.
1111 2951 1211 3025 ilino

70 3074 244 3178 Virgilius
268 3082 310 3150 et
335 3073 474 3149 Varius
502 3072 712 3178 conjunctis
737 3076 916 3176 precibus
943 3073 1046 3174 apud
1060 3070 1211 3146 Maece·

74 3202 190 3271 netem
214 3220 288 3295 pro
313 3194 508 3270 communi
533 3220 604 3271 suo
639 3196 762 3271 amico
788 3193 1045 3270 intercessisse
1069 3191 1209 3268 viden·

79 3320 130 3385 tur
150 3315 322 3413 nullique
348 3314 563 3414 pepercisse
589 3332 749 3414 operae,
783 3322 827 3389 ut
852 3338 965 3389 susun
989 3318 1208 3411 patronum,

83 3426 208 3509 Satis-ae
242 3434 432 3509 secundae
465 3434 674 3509 acrimonia
704 3431 894 3508 offensum
920 3439 958 3507 et
983 3428 1207 3520 srdsiratrnn,

86 3548 266 3643 placarent
317 3554 437 3657 Igitur
451 3553 558 3629 Varii
584 3555 740 3628 demum
764 3550 1036 3627 intercessione
1060 3554 1102 3621 et
1118 3568 1210 3645 pre·

88 3666 170 3747 usus
199 3672 400 3749 Maecenas
434 3680 629 3774 permotus
662 3679 739 3767 est,
774 3680 820 3745 ut
844 3671 1068 3746 mordacem
1092 3666 1209 3739 istum

88 3780 227 3867 liertini
258 3792 449 3869 Venusini
482 3792 605 3867 filium
641 3792 862 3867 commodus
888 3790 938 3863 ad
963 3811 1006 3863 se
1030 3784 1210 3860 admitte·

12 3896 42 3969 -²'
88 3916 142 3984 ra:
180 3912 221 3987 id
255 3915 362 4012 quod
395 3912 539 3988 factum
570 3934 656 3986 essa
689 3911 840 3987 videtur
873 3909 971 3984 circa
995 3904 1146 3980 initium
1174 3924 1209 3974 a.

12 4054 53 4095 .··
88 4018 118 4101 ll·
136 4028 174 4105 C.
200 4028 290 4107 715.
348 4033 430 4123 Hac
459 4032 609 4107 ratione
634 4030 801 4129 primum
825 4027 1024 4128 Virgilius,
1064 4020 1132 4119 qui
1158 4020 1209 4095 ol>

12 4142 51 4207 ·““ῗ
85 4156 238 4225 veterem
262 4151 468 4233 amicitiam
494 4147 666 4249 optimus
690 4147 923 4247 appellatur,
950 4151 987 4219 et
1004 4148 1091 4242 post
1106 4140 1208 4216 huno

12 4324 43 4367 Ἡ
82 4259 220 4364 larius,
263 4270 331 4367 ‹pri
371 4279 503 4369 utpote
522 4335 526 4341 .
543 4268 787 4343 Caesarianus
822 4272 862 4340 et
895 4263 1079 4337 interiore
1114 4284 1209 4337 cou-

15 4366 37 4455 ζ
75 4378 215 4487 junctus
240 4390 523 4465 necessitudine
547 4387 757 4488 plurimum
780 4383 950 4485 pollebat
976 4383 1080 4485 apud
1102 4380 1210 4458 Mae·

66 4678 185 4743 casole
209 4676 359 4743 Ram.
395 4674 520 4751 (liviano
549 4680 661 4753 1818.)
687 4696 720 4753 p.
742 4677 796 4736 40.
821 4706 859 4724 ·-
897 4670 1102 4736 Librariorum
1128 4686 1210 4729 error

62 4767 171 4829 nutu
189 4764 240 4829 iric
258 4776 305 4829 est
324 4766 481 4840 menti,
515 4772 547 4826 st
565 4773 644 4826 recta
664 4766 724 4843 jam
744 4760 904 4825 Lambinus
924 4760 1014 4824 edidit
1038 4755 1163 4816 Varias.
