2670 5294
410 299 460 347 nn
490 300 525 347 n.
543 297 668 347 vauro
697 298 843 349 nonu.
1146 279 1196 353 97

44 489 100 541 cx
122 464 212 564 ipsa
226 459 335 537 Varii
347 482 476 536 uxore
491 460 540 535 de
556 459 629 534 ista
653 483 698 536 ra
722 434 981 559 inaudiverat,
1005 488 1134 563 neque
1150 490 1198 543 ea

44 583 202 687 publice
224 580 284 655 uti
314 582 521 656 embuerat
558 578 602 653 in
632 578 836 681 Apologia,
874 605 974 681 qliae
1000 585 1200 685 Virgilium

46 730 130 779 non
153 702 274 777 modo
300 725 377 800 qna
400 707 574 799 poetam,
600 699 669 774 sed
693 702 874 775 eumdem
899 702 1015 777 etiam
1032 727 1108 802 qua
1125 706 1198 781 ho-

46 822 196 897 minem
235 843 260 895 a
299 817 495 895 malevolis
539 819 876 897 obtrectatiomlnu
918 830 1047 903 araim
1088 848 1201 924 prae-

48 938 235 1037 staret⁷⁸).

47 1154 50 1159 ·
156 1126 256 1222 Sed,
297 1134 506 1225 utcumque
542 1152 587 1205 ea
624 1153 685 1205 res
727 1127 824 1203 facta
858 1136 936 1224 cst,
983 1130 1024 1205 i‹l
1055 1131 1202 1207 nullam

49 1250 170 1327 habet
196 1248 471 1322 (limitationem
497 1247 591 1347 (prin
616 1248 762 1349 Virgilii
787 1273 874 1323 cum
900 1249 1033 1345 Vario,
1058 1251 1203 1326 Plotiae

51 1369 216 1463 marito,
249 1366 482 1441 familiaritas
509 1368 732 1465 acipralibus
760 1365 874 1442 fixerit
900 1376 1074 1469 suspecta
1098 1379 1138 1445 et
1162 1370 1205 1443 in

52 1472 203 1566 crimen
235 1486 398 1562 venerit.
459 1484 639 1585 Virgilius
673 1486 851 1561 adulterii
877 1511 964 1561 cum
988 1486 1112 1562 Plotia
1136 1488 1206 1561 ad·

52 1608 165 1685 missi
188 1604 383 1681 infamiam
407 1604 593 1699 sribierat,
622 1628 740 1704 <pram
764 1605 931 1682 vidimus
956 1630 1037 1681 non
1060 1614 1207 1683 temero

56 1724 257 1803 confictam
281 1722 418 1814 fuisse
460 1725 530 1799 sed
556 1732 707 1824 auctam
734 1724 841 1799 illam
866 1750 951 1801 esse
977 1732 1017 1800 et
1041 1749 1207 1827 exagge-

56 1856 184 1921 ratam
217 1844 510 1918 obtrectatorum
541 1842 828 1939 malevolentia,
873 1845 1036 1919 dubitari
1059 1845 1208 1943 nequit.

58 1966 117 2041 lo
152 1964 228 2040 hoc
261 1962 364 2039 enim
395 1961 623 2063 Virgilianae
664 1962 767 2038 vitae
811 1965 974 2039 dedecus
1008 1964 1210 2039 referenda

58 2094 154 2187 pulo
190 2106 290 2183 quae
325 2081 426 2181 apud
464 2082 636 2155 Aeneam
672 2077 851 2179 Sylvium
893 2085 936 2157 in
970 2084 1111 2158 Hister.
1160 2084 1209 2158 de

59 2202 230 2299 Euryalo
255 2207 296 2275 et
313 2199 489 2275 Lucretia
512 2220 553 2299 p.
571 2201 634 2275 32.
653 2201 716 2274 ed.
735 2200 857 2305 Drud.
876 2201 1055 2303 legimus:
1080 2199 1211 2293 „Vtr-

58 2322 182 2421 gila'us
212 2346 285 2422 per
308 2320 458 2419 sunem
492 2330 643 2394 tructus
677 2320 733 2393 ad
764 2319 936 2394 inedium
969 2318 1115 2393 turrim
1142 2345 1213 2419 pe-

56 2438 225 2544 pendit,
269 2440 363 2512 dam
396 2463 438 2512 ae
467 2438 722 2512 mulierculae
754 2449 888 2539 ,sperat
925 2463 1093 2511 unorum
1125 2463 1213 2509 arar·

57 2560 288 2665 plen-elusf‘
338 2558 474 2632 Varius
501 2566 631 2633 contra
655 2558 696 2631 in
716 2565 866 2657 turpem
882 2557 998 2657 plagii
1017 2553 1214 2657 cujusdam

63 2690 103 2757 et
139 2682 278 2754 ‹loctm
310 2674 457 2751 fraudis
492 2676 749 2777 suspicionem
780 2676 976 2751 inciderat.
1042 2675 1102 2750 De
1138 2699 1215 2775 (pra

63 2826 108 2877 re
134 2797 232 2899 quid
257 2796 439 2893 sentiam,
455 2780 643 2873 ⁸breviter
668 2796 884 2896 explicabo.

171 2986 321 3083 Atque,
362 2991 406 3058 ut
444 2986 491 3058 ab
529 2984 604 3058 hoc
636 2984 781 3075 ordiar,
823 3005 894 3082 pcr
929 3006 971 3055 se
1003 2981 1161 3056 minime
1194 3007 1218 3057 a

67 3130 164 3183 vero
191 3104 359 3178 alienum
384 3109 464 3196 est,
493 3103 693 3203 aviuplio
718 3124 857 3201 poema
882 3101 1093 3199 quoddam,
1120 3108 1219 3175 tam·

68 3250 191 3325 qnam
214 3224 383 3323 pretium
417 3224 522 3322 (prod
547 3224 685 3297 <licitur
717 3218 944 3312 affectionis,
978 3220 1109 3293 datum
1134 3244 1220 3295 esse

69 3346 238 3421 sominae
262 3343 575 3434 litteratissimae,
602 3342 649 3415 ab
667 3363 809 3439 eaquae,
838 3338 1031 3411 doctrinae
1048 3338 1220 3435 poeticae

71 3466 231 3539 laudem
254 3459 473 3555 affectante,
499 3461 617 3553 illud,
643 3461 753 3558 qirasi
777 3455 975 3557 proprium
1000 3481 1115 3555 opus,
1141 3460 1222 3527 tra-

74 3584 200 3659 ‹litrun
222 3582 358 3657 marito
382 3581 478 3655 item
501 3588 659 3681 poetae,
694 3578 762 3678 qui
787 3579 861 3654 hoc
885 3578 990 3654 velut
1014 3598 1038 3649 a
1062 3597 1104 3686 se
1128 3572 1224 3647 scri·

77 3778 289 3791 nnn-—n-oe—tt

164 3892 220 3959 78)
241 3886 308 3949 lloc
326 3890 477 3967 perspicue
494 3887 666 3967 intelligitur
687 3906 725 3946 ex
753 3886 808 3962 iis,
837 3900 911 3959 quae
932 3880 1008 3960 apud
1029 3880 1174 3943 Donatum
1195 3884 1226 3943 in

77 3972 146 4035 Vir.
168 3968 292 4052 Virgilii
312 3996 338 4034 c.
357 3972 466 4034 xvii.
493 3976 520 4051 §.
537 3981 589 4035 65.
611 3974 751 4049 legimus:
779 3968 918 4052 „Refert
945 3973 1034 4029 etiam
1061 3968 1225 4045 Pedianus,

78 4060 250 4137 benignum,
270 4060 467 4140 cultoremque
480 4062 606 4120 omnium
617 4058 852 4136 botrorumutque
862 4054 1042 4115 creditorum
1047 4058 1176 4138 faisse“
1186 4088 1224 4101 -

79 4160 111 4209 et
131 4152 160 4225 §.
177 4154 246 4207 67.:
274 4146 404 4228 „Quum
422 4168 541 4205 cooevos
561 4167 657 4205 omnes
672 4158 778 4220 poetas
798 4148 843 4202 ilo
863 4141 1018 4224 ucljuoctos
1037 4140 1154 4215 latua,
1181 4154 1226 4217 ut,

79 4256 148 4295 cm
169 4236 246 4291 inter
274 4255 306 4291 se
330 4232 493 4309 plurimum
524 4231 637 4291 invidia
658 4230 817 4302 arderent,
848 4230 932 4288 illum
952 4252 1015 4289 una
1034 4250 1131 4289 omnes
1153 4226 1228 4284 cole·

78 4334 167 4391 rent,
209 4318 342 4395 Varius,
377 4316 516 4393 (Plotius)
553 4318 670 4392 Tucca,
700 4316 872 4393 lior-trtius,
905 4312 1084 4391 (Cornelius)
1111 4308 1226 4377 tirellus,

81 4406 297 4481 &apulusfl

130 4506 329 4569 Wrrcarsr.
350 4502 526 4567 Consanus.
971 4504 996 4573 7
