2686 5236
12 33 1262 569 E*

89 626 169 705 334
432 645 484 699 on
510 641 648 695 cnosso
672 638 896 697 rinmunt.

90 820 132 891 et
153 809 328 903 sordido,
353 830 453 906 qrrne
477 806 614 881 dubito
637 828 733 881 num
756 804 897 881 endem
922 803 1100 905 potuerit
1121 804 1163 881 in
1174 804 1231 883 iro·

91 931 237 1007 nusrem
266 927 423 1028 perditis
462 924 634 1000 moribus
668 924 842 1026 gislenum
872 931 915 998 et
948 930 1037 999 tam
1073 925 1231 1002 vinolen-

92 1058 195 1143 tum,
237 1055 299 1140 nt,
334 1043 528 1120 referente
550 1041 674 1117 Plinio
698 1040 744 1116 N.
770 1042 820 1119 Η.
846 1041 961 1117 libr.
978 1044 1090 1118 XIV.
1115 1070 1151 1119 e.
1167 1044 1230 1139 22,

93 1165 320 1245 vinolentiae
353 1164 513 1264 gloriam
545 1159 782 1239 interfectori
815 1162 937 1261 pon-is
963 1163 1054 1257 sui,
1088 1162 1143 1240 Μ.
1164 1163 1231 1237 Διι-

94 1286 221 1378 tosio,
255 1280 408 1357 aniene
433 1280 598 1358 voluisse
621 1280 825 1356 videremr.

172 1402 297 1499 Quom
329 1400 380 1472 ob
414 1422 584 1474 onsnsnm
615 1395 690 1473 hoe
714 1398 831 1473 etiam
853 1398 1010 1473 Horatii
1034 1400 1124 1475 loeo
1146 1422 1226 1501 nego

94 1520 232 1598 saetam
256 1542 340 1593 esse
363 1517 600 1592 mentionem
623 1514 678 1589 Μ.
703 1515 897 1592 Gieeronis
921 1515 1009 1592 filii.
1068 1516 1146 1594 Nes
1165 1517 1226 1593 nti-

95 1664 171 1739 quo
194 1638 324 1730 iilum,
356 1635 474 1735 petris
498 1635 696 1711 clarissimi
719 1658 871 1728 neuun,
912 1636 1048 1711 studio
1082 1638 1226 1736 quietim

95 1768 136 1835 et
163 1758 294 1833 severe
318 1754 606 1855 prosequimur,
639 1778 719 1829 non
748 1751 844 1828 item
866 1752 1056 1830 Horatius
1079 1754 1225 1853 eomple-

97 1878 148 1953 eti
181 1876 365 1967 debebat,
407 1871 471 1947 eui
504 1871 670 1947 rationes
702 1878 742 1946 et
774 1894 933 1947 musone
965 1895 1060 1948 esse
1097 1878 1223 1972 pocot

98 1996 189 2071 setis
213 2016 369 2095 graves,
393 1992 445 2065 ob
471 2014 568 2088 qrrns
592 1991 712 2065 istum
735 1990 1043 2067 eommilitonem
1066 2016 1171 2067 sutrin
1185 2012 1222 2063 nr

98 2115 178 2189 nlla
202 2113 360 2211 quodem
382 2108 579 2185 mentione
603 2109 762 2211 dignum
784 2116 955 2206 putaret.

560 2370 767 2385 *ιο-

468 2564 784 2643 EXCURSUS
816 2566 869 2643 V.

637 2770 704 2836 DE

142 2913 305 3004 ΗΜΘ
344 2909 633 3001 ANTONIO
671 2915 997 3004 TRIUMVIRI
1034 2914 1197 3005 FILIO.

181 3119 239 3192 De
271 3116 362 3190 lule
397 3111 595 3204 Antonio,
638 3110 691 3186 M.
725 3113 878 3188 Antonii
912 3114 1128 3189 Triumviri
1157 3110 1229 3201 ilio,

105 3261 222 3335 quem
248 3236 287 3307 in
313 3234 638 3307 Conunoutntione
664 3232 712 3305 de
739 3231 873 3308 Gctseio
898 3234 1116 3309 Parmensi
1136 3243 1165 3323 ὁ.
1184 3230 1230 3303 15.

103 3356 149 3428 Ν.
170 3357 232 3428 48.
260 3352 340 3425 dixi
367 3348 669 3449 conjunctionem
693 3352 838 3426 vixisse
864 3376 953 3425 erun
980 3352 1161 3445 Horatio,
1182 3373 1232 3423 ne-

104 3473 272 3548 ouretins
298 3470 360 3542 hie
386 3477 426 3543 et
451 3469 639 3565 copiosius
664 3470 898 3567 expositurus
920 3468 1052 3546 faeere
1069 3497 1148 3545 non
1161 3494 1233 3568 pos·

105 3618 206 3682 sum,
233 3590 346 3689 quin,
373 3613 452 3687 quo
477 3588 624 3684 plenius
649 3588 863 3684 certiusque
889 3588 938 3662 de
962 3588 1066 3683 filio,
1094 3586 1234 3689 ejusio·

105 3712 237 3813 genio,
272 3709 348 3783 vitu
374 3708 620 3804 moribusque
645 3703 805 3807 judicari
830 3713 965 3805 (preat,
994 3709 1176 3782 nonnulle
1196 3707 1234 3779 de

106 3829 224 3928 patris
248 3826 328 3901 vita
354 3826 518 3923 privata,
546 3824 678 3898 studiis
696 3826 884 3923 rebusque
902 3826 1126 3903 domesticis
1145 3848 1235 3927 pree·

107 3948 267 4019 mittum.
318 3944 537 4039 Numquae
563 3944 610 4015 ab
636 3943 703 4017 illo
729 3944 879 4042 publice
904 3953 1012 4043 geste
1038 3954 1235 4039 s1u1t‚me-

107 4072 257 4138 moratu
290 4086 381 4136 sene
415 4060 651 4160 dignissimo,
687 4084 732 4134 en
765 4062 900 4161 partim
926 4062 1005 4136 hue
1031 4090 1114 4138 non
1138 4060 1237 4163 perti·

108 4191 222 4275 nont,
265 4180 402 4280 partim
436 4180 552 4253 etiam
584 4203 733 4252 summa
769 4204 855 4253 curn
887 4204 981 4252 eura
1017 4208 1145 4282 nuper
1167 4206 1236 4283 per·

110 4308 267 4373 tractato
294 4306 382 4372 sunt
408 4321 430 4372 a
456 4296 504 4371 G.
530 4297 754 4370 Dnnnermo
776 4297 819 4369 in
844 4297 939 4370 Hist.
964 4298 1082 4375 Rom.
1101 4296 1235 4376 Tomi.

108 4443 147 4514 p.
173 4418 235 4490 58.
252 4444 334 4515 sqq.

211 4567 264 4641 Μ.
282 4567 469 4642 Antonius
496 4567 713 4661 Triumvir‚
740 4564 793 4639 M.
810 4566 968 4642 Antonii
994 4569 1136 4648 Cretioi
1157 4569 1237 4645 filiu

108 4696 148 4764 et
174 4686 226 4762 M.
253 4687 406 4762 Antonii
441 4690 602 4765 (steteris
634 4711 756 4789 nepos
789 4686 882 4783 fnit,
919 4694 1020 4764 teste
1050 4686 1237 4767 Plutnroln
