2686 5236
535 650 738 705 rxouuaua
762 650 802 703 v.
1164 628 1238 707 305

99 817 209 909 viria,
236 840 333 915 quoa
348 816 485 891 eodem
509 825 680 891 recenset
703 815 857 908 ordino,
883 824 1097 915 praetextas
1123 817 1239 893 etiam

98 936 246 1011 lnbulat
262 934 419 1033 scriptas
436 957 520 1010 osae
536 933 675 1029 refert,
701 933 809 1034 cujus
825 937 1083 1011 testimoninm
1101 937 1240 1011 morito

97 1061 317 1153 urspectrnn
348 1063 431 1128 erat
461 1054 509 1126 A.
536 1050 585 1129 G.
609 1051 756 1155 Langio
788 1054 831 1127 in
855 1053 1005 1130 Vindio.
1031 1055 1100 1129 Tr.
1124 1056 1237 1130 Rom.

96 1198 137 1275 p.
167 1174 229 1249 ll.
263 1181 305 1247 et
336 1170 373 1247 J.
398 1173 446 1245 Η.
460 1170 704 1249 'Neukirohio
738 1173 789 1247 de
819 1173 962 1247 Fabula
995 1174 1092 1275 Tog.
1126 1173 1238 1248 Rom.

95 1318 137 1393 p.
163 1293 215 1369 os
243 1315 302 1391 sq.
358 1290 446 1367 Jam
479 1289 581 1365 hunc
604 1291 810 1366 Antonium
835 1290 997 1385 Rufum,
1031 1301 1239 1391 praecunte

94 1410 140 1487 N.
158 1411 328 1503 Heinsio,
350 1408 637 1509 Peerlkampiua
660 1420 915 1485 memoratmn
939 1434 1023 1486 ease
1039 1413 1168 1487 statuit
1188 1413 1237 1487 ao

94 1529 238 1606 Ovidio
264 1554 318 1632 ex
343 1528 452 1604 Pont.
479 1528 585 1602 Libr.
603 1526 672 1602 IV.
697 1527 771 1628 Ep.
800 1530 861 1603 lc.
886 1552 925 1605 v.
952 1532 1035 1604 Β..

148 1644 547 1748 aequimanum
571 1646 798 1722 Phaeacida
821 1646 955 1737 certit3
990 1661 1028 1722 et
1052 1675 1136 1723 ono

201 1766 437 1842 Pindaricae
450 1765 604 1864 fidicen
628 1776 673 1839 to
696 1790 864 1866 quoqne,
888 1767 1023 1865 Rufe,
1049 1769 1177 1865 lyrico.-

92 1896 136 1961 et
161 1885 312 1962 confert
335 1880 541 1983 Apuleium
565 1884 615 1959 de
640 1881 819 1986 Orthogr.
844 1893 876 1973 §.
904 1884 964 1959 5.=
997 1886 1239 1977 „Corrwliaa

92 2007 238 2102 Rcfitr
261 2004 307 2079 io
329 2001 548 2079 Pindarico
573 2002 878 2078 amodotimref‘
939 2003 1043 2097 Quae
1070 2007 1120 2079 ad
1145 2005 1184 2078 h.
1210 2008 1238 2080 l.

92 2126 147 2201 el>
169 2124 322 2199 (laanno
347 2122 522 2196 adnotata
545 2128 653 2214 sunt,
679 2130 719 2197 ct
741 2122 935 2222 proposito
960 2123 1010 2198 de
1023 2123 1131 2198 dolio
1147 2125 1238 2198 Au·

90 2242 208 2319 tortio
222 2240 338 2339 Rufo
345 2290 359 2331 ,
383 2240 593 2315 Triumviri
605 2238 702 2335 filio,
727 2241 788 2315 cui
802 2241 978 2315 Horatius
993 2242 1097 2315 illam
1114 2243 1238 2319 Odam

91 2360 349 2461 inscripserit,
375 2382 423 2432 ea
447 2359 593 2432 dudum
617 2358 828 2457 improbata
852 2383 937 2434 casa
963 2361 1078 2435 credo
1104 2363 1238 2437 al'iro

90 2481 247 2581 egregio
280 2502 326 2553 ao
358 2484 571 2551 retractata.
632 2475 688 2551 Ea
719 2501 771 2552 nc
804 2478 905 2575 apud
931 2478 1238 2578 Peerlkampirnn

91 2600 253 2699 «pridem
269 2596 386 2672 fidem
403 2597 650 2687 invenerunt,
676 2595 744 2692 qui
766 2597 871 2671 nullo
895 2605 1008 2696 pacto
1034 2600 1169 2672 adduci
1194 2622 1237 2675 ac

92 2741 230 2817 panaria
248 2726 319 2807 eat,
339 2724 384 2788 ut
402 2715 505 2812 apud
519 2713 721 2787 Horatium
736 2713 945 2791 Triumviri
959 2714 1091 2809 filium,
1107 2716 1236 2792 Julum

92 2834 313 2927 Antonium,
336 2832 574 2933 intelligeret.
617 2831 697 2908 Sed
712 2834 813 2932 apud
830 2831 1034 2935 Apuleium
1050 2859 1122 2934 pro
1143 2838 1238 2912 Cor·

91 2953 223 3031 uduo
246 2952 492 3028 seribendmn
517 2960 645 3025 censet
659 2951 874 3027 Amorion.
925 2951 1012 3029 Jam
1036 2979 1123 3029 cum
1142 2953 1237 3031 Ovi·

92 3074 182 3148 «lius
206 3072 367 3169 Rufum
391 3070 558 3169 appellet
581 3069 772 3145 fidicinem
796 3070 904 3166 lyrae
929 3072 1169 3167 Pindaricae,
1197 3084 1238 3147 ot

91 3189 298 3267 Amorrina
330 3189 470 3287 Rcfita
512 3201 625 3286 pocta
664 3198 900 3265 memoretur
941 3213 965 3265 a
1005 3190 1237 3283 Schollaatis,

91 3310 248 3386 naono
271 3317 311 3385 et
335 3307 548 3382 Comment.
574 3305 713 3406 Cnrq„
744 3333 825 3382 non
858 3332 1000 3385 avero
1031 3310 1237 3385 abhorrere

93 3428 310 3522 contendit,
343 3424 568 3502 Ameriam
592 3426 737 3501 Horatii
761 3425 879 3503 fuisse
902 3428 1125 3503 Amanum
1148 3431 1237 3504 Ru-

88 3547 199 3646 fino,
248 3545 370 3621 Miror
391 3569 415 3620 a
436 3543 705 3644 Peerlkampio
729 3545 771 3619 in
796 3570 887 3621 auae
911 3549 1122 3622 sentcntiae
1147 3550 1238 3623 sul)-

94 3667 238 3741 aidirmr
249 3689 330 3740 non
343 3671 521 3740 vocatum
536 3686 620 3737 ease
634 3662 830 3756 Scholion,
847 3664 951 3762 quod
964 3688 1017 3739 ex
1036 3668 1129 3740 (od.
1138 3666 1237 3741 Moto

94 3790 293 3861 enotatum
316 3781 442 3858 attidit
457 3781 791 3882 Venderbourgina
806 3781 920 3857 Tom.
936 3781 987 3855 Π.
1004 3810 1043 3883 p.
1062 3786 1138 3858 224
1158 3809 1236 3883 aq.=

93 3904 247 3994 „Iolco
286 3901 358 3998 (sio
391 3900 462 4001 leg.
505 3924 578 3996 pro
606 3898 754 3997 Julian)
788 3898 988 3976 Arcton-ina
1028 3914 1237 3996 rogaverat

93 4019 310 4097 Horatium
316 4071 331 4111 ,
366 4029 413 4093 ct
444 4015 592 4117 scripta
623 4017 798 4094 Pindari
822 4044 970 4115 grum
1002 4019 1048 4093 io
1080 4022 1239 4095 nudem

98 4138 280 4217 canaria
313 4138 577 4237 &anasei-ret,
611 4147 658 4211 nt
685 4137 730 4213 V
721 4135 877 4232 &giliua
902 4137 1047 4237 scripto
1072 4139 1241 4213 Homeri

93 4257 139 4333 itt
163 4259 324 4331 laudm
346 4255 520 4331 Aeneae.
576 4256 679 4330 Inde
703 4268 867 4330 manat
891 4280 932 4331 re
957 4257 1152 4331 Horatius
1177 4256 1238 4331 di-

94 4400 206 4465 cero,
238 4399 280 4450 re
305 4386 419 4450 tarrto
444 4374 558 4474 operi
577 4399 661 4447 non
684 4374 890 4471 anfficere,
925 4400 1015 4449 cnm
1038 4374 1106 4449 illc
1129 4401 1236 4450 ncne

93 4519 184 4569 mtto
204 4506 326 4594 poeta
339 4492 518 4590 fitcrit.“
569 4494 692 4585 Quam
716 4491 874 4566 mirifice
899 4490 1078 4592 adjuvant
1098 4495 1236 4569 coufir-

92 4620 275 4710 mantque
300 4611 394 4686 hooc
420 4611 640 4710 opinionem
662 4609 940 4708 l’eerlkampii,
966 4614 1032 4709 qui
1059 4614 1236 4686 conuiuis

91 4730 249 4833 gontrini
282 4732 330 4806 ad
364 4756 400 4805 v.
436 4731 498 4805 32.
538 4730 713 4829 producti
745 4716 1006 4829 argumentum
1040 4731 1114 4805 hoo
1150 4754 1236 4804 earo
