2670 5294
409 294 458 344 nn
489 293 626 346 csssro
652 292 874 345 rsnunnsr.
1132 273 1209 348 239

57 480 158 557 (pras
191 455 359 556 scripsit,
402 465 572 557 apparat.
632 455 727 531 Cum
751 457 869 557 igitur
893 457 1091 554 Tibullus,
1127 461 1208 535 llo·
1281 548 1288 557 Ι

58 578 152 653 ratii
177 577 319 651 annuis
344 576 487 670 famis,
533 578 582 650 de
606 575 674 649 ille
700 577 911 651 cannimnn
936 602 1094 677 genere,
1129 587 1209 653 tam

58 696 195 771 multis
231 696 385 786 odioso,
430 694 589 769 candide
624 719 669 769 ac
704 695 786 769 sirie
817 696 960 769 invidia
993 693 1208 795 judicasset,

59 840 110 891 co
152 813 308 888 nomine
341 814 384 885 in
418 813 606 911 principio
649 810 762 914 liujus
797 812 989 912 Epistolac
1023 815 1225 910 laudatur,

59 943 102 1009 et
136 931 249 1005 simul
285 930 357 1005 hac
391 932 603 1006 studiorum
635 934 895 1006 coimnunium
929 956 1208 1009 commemora·

59 1053 166 1127 tione
191 1053 240 1125 al)
265 1050 444 1143 Horatio,
483 1059 681 1125 emunctae
705 1052 808 1124 naris
832 1052 1010 1147 hennino,
1041 1053 1208 1127 tratluci-

59 1178 124 1244 tur
149 1172 199 1244 ad
223 1169 280 1261 id,
306 1169 411 1242 unde
435 1170 738 1269 praesentissima
763 1171 907 1245 doloris
933 1195 977 1246 ae
994 1172 1207 1247 moestitiae

59 1288 230 1364 remedia
254 1290 420 1386 petenda
445 1294 586 1362 essent.
638 1289 730 1381 Quis
756 1289 858 1364 enim
876 1314 959 1362 non
975 1290 1100 1383 videt,
1126 1290 1208 1365 lle-

60 1408 202 1483 ratium
236 1408 292 1482 sic
325 1406 448 1481 arnico
480 1413 579 1481 tecte
611 1408 792 1501 suadere,
834 1415 877 1481 ut
911 1416 976 1481 aut
1001 1408 1098 1508 legat
1123 1432 1207 1483 car-

59 1526 184 1618 mina,
222 1548 321 1623 quae
353 1525 517 1598 hilarent
549 1524 739 1617 animum,
783 1533 847 1599 aut
872 1526 1031 1618 scribat,
1067 1527 1206 1624 quibus

59 1648 109 1719 al»
135 1666 267 1719 amore
292 1640 451 1742 cinisque
477 1644 577 1718 curis
602 1640 812 1719 avocetur?
837 1645 969 1743 Neque
987 1654 1116 1717 tmnen
1132 1646 1207 1719 hoo

59 1764 217 1839 Tibullo
241 1763 355 1837 rectis
378 1763 509 1838 vorbis
534 1763 688 1855 suadet,
731 1765 798 1836 sed
824 1765 958 1838 callide
984 1764 1207 1838 circuitione

57 1884 228 1983 quisdam
253 1908 343 1957 usin
368 1888 407 1955 ct
431 1880 542 1979 quasi
565 1882 716 1983 ignauis
734 1884 1105 1976 aerumnosissimae,
1132 1906 1206 1981 qua

55 2002 127 2077 ille
151 2026 240 2075 nnn
263 2000 434 2075 maxime
458 1998 715 2093 oontlictetnm
748 2003 861 2075 sortis
885 2004 1033 2099 quaerit
1059 2027 1111 2076 ex
1136 2026 1204 2077 eo:

56 2120 154 2219 quid
180 2119 304 2192 diram
327 2127 368 2192 te
390 2118 519 2195 tacere
542 2119 585 2193 in
608 2118 699 2192 villa
724 2115 904 2193 Pedana?
944 2121 1135 2213 dicamne,
1164 2127 1205 2193 te

55 2238 229 2313 scribere
264 2238 367 2335 ‹piod
400 2237 536 2311 υἰηοαι
570 2239 761 2336 opuscula
797 2237 928 2313 Cassii
955 2232 1207 2312 peronensis?

56 2357 149 2456 Quo
174 2356 331 2455 quidem
354 2354 395 2429 in
430 2356 513 2431 loce
545 2356 649 2429 heard
674 2355 839 2431 diffiteor
863 2357 1005 2429 habere
1039 2356 1206 2453 aliquam

56 2476 344 2575 ambiguitatem
369 2498 433 2549 vv.
460 2476 649 2574 opuscula
681 2474 856 2565 vrssaecre,
890 2499 989 2572 quae
1014 2475 1205 2572 duplicem

56 2594 267 2669 ashnittruit
291 2594 657 2692 interpretationem.
718 2593 814 2667 Nam
847 2593 1002 2694 eogitari
1026 2593 1115 2665 licet
1140 2601 1205 2665 ant

15 2762 19 2767 -
57 2715 110 2788 de
135 2714 339 2788 virtutibus
365 2713 592 2809 ‹priliusdam
614 2714 831 2785 carminum
847 2710 1122 2804 Cassianonnn,
1149 2718 1203 2806 ut,

57 2832 129 2929 qui
162 2853 208 2903 ea
239 2831 396 2905 sincere
429 2838 574 2922 tentet,
615 2831 757 2927 aliquid
790 2831 973 2929 praeclari
1007 2839 1047 2903 et
1072 2832 1204 2905 eximii

56 2949 187 3025 moliri
218 2948 468 3049 significetur,
511 2956 578 3024 aut
611 2951 660 3022 de
693 2949 805 3022 certis
831 2949 1059 3046 ‹pribusdam
1090 2951 1203 3041 vitiis,

57 3070 110 3144 eb
136 3092 237 3165 quae
263 3069 432 3142 carnaina
462 3068 527 3142 illa
550 3074 638 3143 nota
664 3066 804 3141 luerim
838 3075 877 3141 et
903 3069 1003 3165 apud
1028 3068 1204 3141 homines

57 3188 228 3262 eruditos
263 3194 501 3285 contempta,
541 3195 607 3277 ut,
650 3186 716 3283 qui
752 3184 879 3260 Cassio
914 3187 1086 3283 superior
1119 3209 1205 3258 esse

56 3305 169 3397 velit,
198 3304 364 3379 camina
388 3306 557 3380 scribere
581 3312 734 3379 notetur
757 3303 921 3401 pessima
945 3325 990 3376 ac
1011 3304 1203 3376 vilissima.

57 3423 254 3499 Posterior
286 3424 382 3498 ratio
415 3425 568 3499 videtin·
599 3424 834 3520 aliquatenus
867 3415 991 3517 juvari
1033 3445 1071 3494 v.
1106 3446 1204 3519 opas·

57 3542 193 3615 scula:
229 3540 292 3615 cui
326 3542 568 3615 Deminntivo
595 3541 793 3614 notionem
819 3537 1110 3636 contemptionis
1137 3562 1204 3611 cu·

56 3656 206 3761 jusdam
248 3666 286 3733 et
326 3660 481 3735 vilitatis
522 3659 648 3733 inesse
690 3681 823 3754 posse,
863 3680 978 3731 neme
1019 3654 1203 3752 nescit²⁸).

57 3776 140 3853 Sed
164 3777 258 3877 quid
282 3778 351 3873 sit,
378 3776 486 3879 cujus
510 3778 667 3851 nominc
693 3775 843 3851 Cassius
861 3774 1076 3849 Panaensis
1102 3772 1205 3876 ejus·

57 3922 137 3997 que
169 3898 338 3973 canniria
371 3899 473 3995 apud
508 3898 698 3971 Romanos
732 3894 773 3967 in
806 3901 911 3967 tanto
944 3891 1086 3967 fiierint
1112 3918 1204 3969 con·

56 4024 208 4115 temptu
240 4024 354 4115 atquc
389 4016 567 4108 infamia,
601 4015 705 4113 quis,
741 4014 952 4088 tacentibus
976 4013 1078 4089 illius
1102 4021 1203 4089 tem-

57 4196 267 4205 ---—--—-

144 4290 197 4365 28)
226 4284 278 4349 Sic
297 4244 439 4349 Horatius
456 4286 541 4348 Liar.
559 4286 586 4348 1.
608 4284 704 4363 Epist.
724 4291 776 4347 19.
803 4306 832 4346 v.
857 4289 909 4348 35.
931 4306 982 4348 sua
1003 4292 1129 4349 carmina
1150 4309 1203 4365 per

56 4374 270 4437 simulatiam
291 4374 418 4453 appellat
438 4372 581 4451 opuscula
601 4383 631 4434 et
650 4394 681 4435 a.
704 4376 758 4435 42.
779 4392 885 4449 sugas.
