2670 5294
97 681 151 759 28
454 702 505 754 ns
532 702 570 753 ι.
588 698 716 754 vauro
741 697 891 751 rosus·

95 866 158 943 lta
183 864 303 939 edidit
326 862 568 939 Burmannus
595 862 684 939 Sec.
709 863 752 937 in
775 861 936 938 Androl.
962 856 1052 936 Ias.
1076 856 1187 935 laiht.
1200 856 1244 935 ll.

97 984 229 1085 Epigr.
249 984 337 1058 166.
363 984 451 1059 Vol.
468 981 500 1057 Ι.
526 1008 566 1079 p.
582 984 673 1058 369.
699 1004 866 1080 eumque
891 975 1047 1055 scantin
1071 986 1134 1055 est
1151 979 1245 1075 lisy·

98 1102 186 1179 nius
210 1102 253 1175 iu
278 1101 439 1175 Testim.
465 1102 504 1175 d.
523 1100 682 1201 Virgilio
705 1099 844 1175 Voll.
870 1096 1114 1199 1).chOE
1158 1099 1245 1173 Bur·

98 1244 262 1297 marinus
302 1220 461 1319 intelligi
501 1218 565 1292 laic
607 1218 731 1295 voluit
760 1218 983 1317 Alphenum
1027 1216 1177 1293 Varrnn
1213 1224 1245 1293 st

100 1338 322 1415 Cornelium
354 1336 507 1411 Gallum
538 1344 711 1435 poetams
756 1337 806 1410 de
830 1338 907 1412 hoe
931 1337 1147 1431 assentior,
1177 1360 1245 1411 non

100 1458 197 1531 item
222 1458 272 1531 de
289 1455 467 1555 Alpheae
492 1456 618 1550 Varo,
645 1456 736 1531 licet
759 1456 835 1531 hee
859 1479 1016 1555 quoque
1036 1457 1245 1555 (1111106111-

99 1598 177 1673 que
211 1573 361 1651 Plrocae
395 1574 657 1650 testimenium
689 1575 739 1650 ad
778 1576 827 1649 Ρ.-
858 1575 1082 1673 Alphennm
1119 1575 1246 1651 Vannn
1286 1636 1288 1661 ,

100 1694 227 1769 lctrun
253 1694 389 1793 cupide
414 1694 575 1769 traxerit
598 1688 716 1768 Ever.
742 1691 837 1768 otto
862 1694 944 1769 Lo.
970 1690 1066 1791 (lap.
1080 1690 1150 1769 IV.
1173 1696 1246 1784 §.2

100 1838 141 1914 p.
171 1814 284 1889 1619.
344 1811 396 1885 At
435 1838 549 1917 vero,
593 1819 635 1885 ut
668 1800 761 1887 inde
802 1811 954 1906 ordiar,
993 1811 1061 1886 hic
1100 1812 1248 1887 miniano
1286 1908 1288 1913 Ι

102 1956 232 2009 semro
266 1938 327 2007 cst
358 1933 407 2005 de
441 1932 511 2026 iis,
556 1931 623 2029 qui
656 1931 770 2005 simul
804 1954 893 2004 cum
926 1929 1090 2031 Virgilio
1115 1930 1249 2007 Romae

101 2050 267 2146 Syrmus
293 2050 489 2148 disciplina
514 2051 575 2125 usi
598 2048 765 2146 iruerint,
800 2050 869 2125 sed
895 2050 944 2125 de
968 2049 1196 2147 proceribus
1216 2056 1251 2125 st

102 2168 266 2245 civitatis
290 2167 542 2267 principibus,
577 2192 674 2267 quos
702 2168 827 2243 Roma
850 2169 1008 2271 Virgilio
1036 2165 1252 2269 adjunxerit

102 2286 255 2363 mnices.
307 2285 474 2361 Proinde
499 2294 565 2361 aut
589 2310 821 2387 magnopere
847 2288 981 2383 fallor,
1017 2294 1087 2361 aut
1123 2287 1252 2381 Pollio,

102 2402 303 2480 Maecenas
335 2413 376 2479 ct
409 2403 610 2481 Cornelius
636 2404 770 2481 Gallus
797 2431 820 2482 a
844 2407 972 2483 Phoca
1003 2406 1069 2481 laic
1101 2403 1253 2506 conjun-

101 2531 265 2623 grauun,
309 2524 413 2622 quod
446 2526 494 2597 de
528 2525 725 2600 servandis
760 2526 907 2627 Virgilii
938 2526 1041 2626 agris
1061 2524 1253 2624 promeriti

103 2641 278 2737 lucrant,
312 2642 443 2739 eisque
468 2643 557 2718 ideo
582 2669 662 2718 nen
687 2642 733 2721 L.
760 2644 893 2719 Varius
918 2651 1052 2744 poeta,
1089 2646 1162 2719 sed
1186 2644 1253 2719 Va-

103 2786 192 2855 rus,
234 2763 299 2835 illc
333 2761 427 2835 belli
459 2763 563 2855 dux,
606 2763 669 2838 cui
702 2762 846 2865 Eclega
868 2763 934 2838 Vl.
970 2763 1157 2863 inscripta
1187 2770 1252 2854 est,

103 2876 368 2982 adjungendus
392 2889 487 2954 crat.
539 2883 621 2975 Quia
640 2883 689 2957 de
715 2907 847 2957 corrasa
861 2882 958 2957 item
974 2884 1077 2981 apud
1092 2884 1252 2959 Phooanr

110 2998 155 3073 V
148 3022 246 3070 orsas
271 3020 341 3093 pro
367 2998 473 3097 aadg.
501 2999 653 3081 Varius
688 3000 936 3076 scribendum
969 3009 1011 3077 et
1044 3002 1097 3077 do
1122 3002 1249 3078 eodem

110 3113 157 3211 Q.
181 3112 299 3189 Attia
328 3113 373 3191 V
365 3139 439 3188 oro
465 3115 707 3215 cogitandum
733 3143 818 3195 esse
842 3120 1024 3195 arbitror.

627 3334 660 3416 §.
686 3328 725 3401 6.

207 3474 313 3569 Quinc
338 3499 425 3549 eamr
449 3474 503 3550 ita
527 3476 623 3572 sint,
658 3504 739 3554 nen
764 3464 911 3557 tcm'ere
936 3481 1049 3557 nobis
1083 3480 1242 3558 videmrn

107 3594 251 3699 Virgilii
275 3596 570 3693 condisciprdutu
603 3579 811 3675 excludere
836 3599 884 3674 L.
911 3602 1068 3675 Varirnn
1093 3610 1240 3700 poetata,

106 3718 157 3791 dc
183 3710 290 3816 cujrrs
315 3710 512 3817 juventute
546 3725 586 3790 ct
611 3717 809 3817 disciplina
842 3720 939 3793 nilril
963 3720 1124 3796 omnino
1147 3714 1242 3793 nobis

107 3843 269 3912 coristat.
328 3833 375 3905 Id
406 3836 523 3908 modo
559 3846 800 3935 compertum
833 3839 1043 3935 habemus,
1079 3863 1116 3915 a.
1141 3838 1184 3912 U.
1206 3832 1242 3908 G·
1285 3926 1288 3939 Ι

107 3957 197 4032 714.
233 3938 389 4029 Varium
421 3958 459 4027 et
492 3954 690 4056 Virgilium
731 3956 804 4031 sibi
834 3956 912 4059 jam
935 3967 1049 4034 notos
1073 3956 1191 4034 finisse
1212 3959 1244 4029 et
1286 3946 1288 3977 Ε

110 4075 333 4168 familiares,
368 4073 420 4148 ita
452 4072 601 4167 tanuen,
627 4082 672 4148 ut
702 4076 785 4169 hic,
820 4086 932 4176 pocta
957 4078 1083 4152 adhrrc
1107 4074 1245 4180 juvenis
1279 4112 1283 4125 ·

109 4201 148 4270 et
182 4195 289 4269 teruri
323 4219 444 4272 avena
478 4194 677 4270 modrdans
710 4197 899 4290 carminis,
943 4195 1099 4271 Varium
1135 4216 1248 4293 aeque

109 4336 155 4389 ae
181 4311 358 4408 Cinnam,
393 4323 438 4389 ut
460 4321 591 4414 poetas
622 4322 662 4388 et
685 4311 851 4415 majores
876 4322 970 4390 natu
995 4321 1036 4390 ct
1060 4322 1250 4414 praestan·

108 4433 227 4509 tiores
262 4458 322 4528 se,
357 4436 651 4512 venerabundus
685 4434 909 4532 suspiceret.
978 4435 1252 4527 Quaerentibus

110 4559 242 4630 autem
266 4552 396 4645 nobis,
431 4579 509 4652 quo
543 4554 585 4627 in
610 4554 822 4630 earminrun
846 4578 987 4655 genere
1010 4553 1100 4628 illos
1126 4578 1170 4629 se
1194 4578 1255 4629 su·

111 4672 282 4773 periores
320 4668 498 4775 judicarit
537 4674 732 4773 Virgilius,
775 4674 823 4747 de
862 4672 980 4748 Vario
1023 4670 1257 4748 scholiastae

112 4792 261 4871 Horatii
284 4793 334 4871 ad
351 4790 461 4869 Libr.
475 4790 508 4868 1.
535 4790 609 4869 Od.
625 4796 664 4871 6.
680 4794 776 4869 haee
791 4786 978 4895 produnt:
1004 4791 1258 4893 Porphyrion,
