2670 5294
156 699 233 779 m
517 726 568 777 nr
595 726 632 777 ι..
650 722 778 779 asaro
803 724 949 780 roura.

154 890 202 985 0.
218 886 366 963 Attium
381 887 530 963 Varum
555 886 702 987 postG.
716 886 813 965 lolii
830 888 1002 965 camaris
1027 888 1186 967 caedam
1209 890 1301 965 all.

154 1006 199 1083 G.
216 1008 343 1084 710.’
330 1034 373 1082 ιιι
387 1006 697 1083 Τιίιιιιιιὶιοιιιιιι
721 1008 893 1109 paratus
916 1010 1121 1103 mansisse,
1146 1006 1219 1085 v'ix
1240 1010 1300 1083 ulli

154 1126 382 1203 dubitationi
409 1127 518 1201 locus
541 1127 696 1203 videtur
719 1128 875 1203 relictus
899 1152 986 1203 esse
1009 1130 1105 1228 quin
1126 1129 1235 1205 idem
1257 1131 1300 1203 sit

158 1246 306 1338 Vanae,
331 1246 465 1345 qrnab
482 1244 804 1322 octavianae.
823 1245 867 1321 6.
884 1246 974 1321 713.
994 1248 1142 1323 etna.
1160 1246 1299 1323 Galliac

155 1364 455 1465 Transpadanae
471 1365 648 1467 agrisque
672 1365 890 1441 dividendis
915 1364 1131 1464 praefectus
1157 1374 1238 1461 est,
1261 1378 1299 1441 ut

152 1480 405 1559 Grammatici
429 1484 623 1579 referunt,
649 1491 688 1559 et
712 1485 776 1559 cui
795 1483 975 1585 Virgilius
998 1492 1132 1584 utpote
1157 1486 1297 1561 homini

153 1604 255 1679 bene
281 1606 331 1678 de
356 1627 399 1677 se
425 1604 581 1701 suntpae
605 1604 723 1679 rebus
748 1612 816 1679 aut
838 1602 976 1678 merito
999 1600 1080 1705 jam
1104 1613 1172 1681 aut
1190 1606 1298 1681 meri-

153 1730 243 1799 turo
268 1722 452 1798 eximiam
477 1722 690 1822 impertivit
713 1722 881 1797 laudem.
930 1721 978 1796 In
1007 1723 1191 1801 eamdem
1213 1748 1297 1801 con-

152 1838 341 1943 jecturam
374 1842 560 1917 inciderat
583 1842 645 1919 Jo.
667 1842 875 1936 Martinus,
917 1866 1045 1940 neque
1079 1850 1168 1918 erat
1201 1844 1296 1943 prod

153 1984 240 2037 eam
267 1988 350 2037 non
374 1962 617 2062 exploratam
641 1984 900 2061 praepropere
925 1958 1105 2061 rejiceret
1118 1962 1294 2059 llcynius,

153 2081 373 2181 caeteroqui
405 2088 508 2157 recte
540 2082 590 2157 ad
622 2082 802 2157 eumdem
836 2078 984 2155 Varum
1012 2078 1189 2156 referens
1212 2080 1294 2157 Sar·

150 2202 243 2275 dam
275 2224 364 2276 caun
388 2199 632 2300 inscriptione
661 2200 708 2298 Q.
738 2196 870 2279 VAR.
895 2200 939 2273 in
961 2198 1140 2299 Lipperti
1163 2200 1293 2295 Dady-

148 2318 262 2395 liotlr.
295 2317 546 2394 Tom.11.2.
577 2344 618 2395 ιι.
640 2318 729 2395 214.
753 2346 793 2419 p.
821 2320 910 2395 180.
976 2320 1159 2421 Virgilius
1199 2319 1292 2395 coint

154 2435 304 2513 Varum
330 2460 442 2511 suum
465 2438 597 2514 laudat
620 2438 671 2514 ob
696 2460 760 2513 res
791 2438 834 2512 in
857 2439 961 2514 ltello
984 2436 1135 2513 sortiter
1158 2450 1289 2541 gestas:

150 2580 252 2661 quae
284 2558 367 2631 laus
400 2558 501 2633 cedit
533 2558 576 2631 iu
609 2558 759 2653 virum,
801 2558 863 2633 cui
897 2558 1043 2631 Hirtius
1071 2558 1289 2660 singadarem

150 2668 322 2752 animum
355 2684 397 2751 et
421 2676 663 2776 prudentiam
688 2676 870 2751 attribuit.
923 2677 1132 2753 Doctrinae
1156 2673 1290 2780 ejaawt

148 2796 362 2871 studiomm
387 2796 625 2894 poeticorum
647 2796 754 2869 mun
778 2794 822 2869 fit
846 2795 1010 2890 mentio,
1036 2796 1091 2869 ita
1111 2804 1158 2869 ut
1172 2819 1289 2893 nequo

148 2914 198 2991 de
224 2915 406 3009 Quintilio
432 2914 556 3009 Varo,
582 2913 731 3016 Virgilii
755 2922 796 2991 et
817 2914 965 2990 lloratii
990 2916 1137 3009 amico,
1161 2938 1234 2989 nec
1248 2914 1289 2987 dc

145 3032 190 3107 P.
212 3033 392 3131 Alplreno
418 3033 520 3108 Varo
545 3032 627 3109 Icto
653 3032 810 3135 eogitari
835 3041 969 3133 (prem,
994 3034 1083 3109 licet
1108 3033 1159 3105 ad
1182 3027 1288 3131 hujus

149 3152 285 3250 poesia
318 3174 474 3227 versuum
502 3150 562 3224 10.
596 3153 828 3251 detorquere
863 3152 1080 3230 connitatur
1104 3150 1179 3227 Ει.
1205 3148 1289 3225 Otto

147 3270 174 3344 Ι.
197 3294 231 3344 c.
259 3268 349 3368 Gap.
366 3267 435 3344 IV.
462 3278 493 3359 §.
512 3272 551 3344 6.
577 3270 827 3369 111651-
862 3270 925 3346 Jo.
942 3271 990 3345 11.
1011 3269 1195 3365 Vossius,
1219 3294 1288 3369 quo

145 3386 275 3463 minam
300 3388 402 3486 apud
427 3388 631 3490 Virgilium
662 3397 842 3491 agaroscat
870 3390 917 3488 Q.
941 3388 1102 3466 Attium
1130 3390 1173 3467 V
1167 3414 1287 3483 amsa

146 3530 188 3581 se
224 3506 401 3603 irnpediri
435 3508 487 3581 ait
524 3508 747 3585 testimonio
781 3506 1130 3584 Grammaticorum
1137 3561 1150 3603 ‚
1193 3508 1288 3583 huno

146 3626 285 3699 ducem
309 3648 391 3699 non
414 3624 596 3722 Attium,
622 3629 690 3702 scd
707 3626 904 3726 Alfenum
923 3629 967 3706 V
960 3654 1079 3702 oman
1102 3626 1288 3728 appellau-

147 3744 262 3837 tium‚
287 3749 333 3815 ut
348 3744 490 3820 Donati
514 3746 556 3819 in
569 3746 645 3821 Vit.
665 3746 798 3848 Virgil.
817 3746 968 3822 cVIII.
993 3746 1110 3837 §.dil
1135 3754 1179 3821 et
1203 3744 1286 3821 Suh

144 3864 200 3941 vii
233 3863 283 3937 ad
307 3860 439 3965 Eclog.
456 3863 525 3937 Vl.
553 3865 591 3939 6.
617 3872 658 3939 ot
682 3863 752 3939 lX.
780 3867 841 3942 10.
858 3869 923 3942 20.
980 3865 1080 3941 Hinc
1106 3865 1179 3942 Vir
1209 3863 1287 3939 oxi-

145 3984 248 4057 mius
287 4006 335 4059 eo
368 3983 555 4057 deductus
588 3990 669 4078 est,
703 3991 770 4079 ut,
805 3987 873 4084 qui
896 3986 972 4086 ipsi
995 4010 1048 4061 ex
1073 3982 1284 4080 Quintiliani

144 4102 239 4177 lust.
266 4099 335 4176 Or.
354 4098 464 4176 Libr.
482 4100 550 4177 VI.
567 4102 606 4176 3.
632 4111 664 4192 §.
680 4106 744 4177 78.
769 4112 883 4180 notus
908 4113 1010 4181 essct
1034 4103 1189 4179 Larcius
1211 4102 1252 4181 V
1245 4128 1286 4185 a·

143 4246 234 4315 rua,
272 4220 481 4319 Epicureus
508 4228 545 4296 et
570 4220 741 4297 Caesaris
767 4224 936 4318 amicus,
972 4248 1063 4298 oum
1098 4220 1149 4298 Ι..
1175 4220 1286 4321 Alfe-

143 4362 240 4410 narn
268 4338 424 4415 Varum
455 4340 695 4415 nominatum
733 4349 771 4416 ot
805 4367 885 4416 ιιοιι
917 4342 1044 4416 mirram
1076 4340 1119 4415 in
1144 4339 1284 4433 castris,

142 4476 261 4551 quiam
284 4454 327 4528 in
346 4456 501 4555 Epicuri
526 4458 640 4535 horto
665 4468 859 4537 versatum
883 4460 1003 4535 fuisse
1026 4460 1285 4559 auspicaretur.

140 4572 190 4645 In
215 4568 298 4673 ejtu
323 4578 553 4653 sententiam
577 4580 729 4653 transiit
751 4578 914 4654 Jahnius
943 4580 987 4655 in
1010 4580 1225 4657 Introduct
1247 4579 1288 4653 iu

142 4689 275 4791 Virgil.
308 4714 348 4789 p.
376 4691 461 4768 Vll.
486 4703 527 4770 et
551 4724 591 4796 p.
616 4698 724 4774 XIX.
758 4707 799 4773 et
830 4699 873 4773 in
896 4699 1041 4776 Annot.
1067 4701 1118 4776 ad
1143 4696 1288 4777 Horati
1326 4782 1331 4787 ,

139 4808 249 4884 Libr.
273 4806 307 4886 Ι.
343 4804 419 4887 (ld.
449 4810 511 4889 18.
544 4838 583 4915 p.
612 4816 704 4903 225.
779 4819 832 4895 st
866 4818 964 4899 riou
994 4819 1155 4897 Vossiau
1188 4826 1290 4899 recta
