2670 5294
397 264 446 311 nn
474 263 608 312 cassio
637 263 856 313 raaurxsr.
1127 235 1203 310 229

57 433 154 503 alias
173 452 207 502 o.
224 425 288 500 73.
313 424 531 499 nominatur
546 424 685 511 Ἀλεξᾶς
703 425 732 498 i.
748 448 785 499 e.
797 423 1012 517 Ἀλέξανδρος
1032 421 1206 495 ‹isinodi-

57 552 148 632 κεύς.
202 544 337 643 ltaque
362 568 432 642 per
465 567 507 618 oe
530 543 626 616 nihil
659 546 854 639 obstabat,
888 569 965 643 quo
989 544 1113 618 minus
1137 545 1204 619 ille

58 665 211 742 Cassius
248 660 464 762 promiscue
496 688 597 738 nuno
627 662 807 738 Etruscus
846 688 949 737 nuno
987 663 1204 737 Parmensis

59 784 337 884 designaretur.
394 782 445 855 At
477 788 565 857 sunt
598 782 691 874 alia,
734 806 833 880 quae
871 783 961 855 huic
995 783 1204 857 sententiae

58 905 222 978 adversa
246 899 371 975 fronte
392 908 617 1001 repugnent.
667 900 718 974 Et
742 908 846 976 reete
869 897 1043 998 ,llaffejus
1060 926 1205 976 nomen

56 1018 222 1097 Etrusci
243 1044 314 1118 pro
340 1021 564 1119 cognomino
587 1020 689 1093 illius
706 1019 826 1094 cassii
848 1030 1035 1118 peqaemo
1060 1044 1106 1094 ao
1124 1030 1204 1094 sta·

59 1142 134 1215 bili
159 1139 296 1232 habet,
323 1140 425 1237 quod
450 1138 561 1211 illum
578 1145 644 1211 aut
666 1138 794 1236 ipsum
817 1146 884 1212 aut
906 1164 1027 1211 unum
1050 1162 1103 1213 ex
1119 1164 1205 1213 ma-

58 1254 209 1359 joribus
244 1253 325 1356 ejus
357 1258 547 1333 invenisse
581 1258 825 1355 nnpimmur.
889 1256 938 1330 In
971 1284 1044 1331 usu
1077 1268 1205 1334 autem

57 1377 159 1451 illud
191 1375 308 1450 luisse
343 1383 380 1450 et
413 1376 519 1449 nulla
550 1375 626 1449 loci
657 1376 790 1449 natalia
813 1375 959 1451 ratione
983 1378 1112 1452 habita
1135 1379 1206 1452 tri-

59 1497 214 1588 butum,
238 1495 374 1568 illustri
392 1496 621 1570 domrmento
640 1504 697 1568 eat
711 1494 778 1567 ille
798 1492 987 1568 Claudius
1000 1497 1205 1591 Elam,

59 1616 133 1714 qui
157 1614 304 1689 Tiberii
329 1615 499 1689 Caesaris
533 1614 693 1687 liburno
724 1613 795 1686 sub
820 1611 1119 1711 Imperatorilius
1143 1641 1207 1691 ae·

59 1734 291 1833 quentilms,
329 1734 435 1810 varia
459 1733 615 1831 quidem
647 1756 738 1805 usus
762 1729 938 1821 fortuna,
972 1736 1019 1806 ad
1044 1760 1206 1836 magnos

60 1852 231 1927 honores
267 1848 516 1951 majoresque,
540 1874 635 1950 opos
668 1851 844 1950 pervenit
877 1858 916 1924 et
948 1878 1071 1929 senex
1097 1866 1207 1932 otto-

60 1971 240 2072 genutius
273 1971 344 2045 sub
368 1970 586 2045 Domitiano
618 1978 792 2043 mortuus
815 1978 888 2044 eat.
953 1971 1209 2050 Celebrantur

61 2086 146 2189 ejus
173 2090 347 2164 thermae
371 2092 419 2164 ab
446 2088 568 2164 Statio
593 2088 702 2185 Sylv.
726 2087 884 2162 Libnl.
909 2091 1034 2164 Car-m.
1052 2094 1089 2166 5.
1116 2106 1159 2169 et
1184 2120 1208 2169 a

58 2208 235 2284 Martiale
251 2207 359 2284 Libr.
369 2210 433 2284 vt.
460 2209 588 2310 Epigr.
606 2209 668 2281 42.
685 2215 723 2280 et
746 2207 788 2280 in
802 2205 887 2306 ejus
899 2220 1065 2285 mortem
1079 2224 1209 2286 existat

60 2328 320 2427 Epitaphium·
333 2329 515 2403 Martialis
539 2328 648 2401 Libr.
672 2326 762 2399 VII.
788 2326 919 2427 Epigr.
936 2329 999 2401 40.
1024 2330 1073 2403 el.
1098 2329 1208 2404 Libr.

59 2447 132 2522 w.
152 2446 298 2549 ‘Epign
323 2451 387 2523 83.
445 2447 516 2523 Ille
548 2448 727 2521 libertate
769 2445 931 2519 donatus
964 2449 1113 2545 patroni
1150 2450 1211 2523 sui

61 2567 210 2641 nomini
235 2563 426 2667 adjecerat
447 2564 609 2639 Etrusci
628 2588 861 2666 cognomen,
887 2563 977 2638 licet
1002 2563 1211 2661 Smyrnam

61 2686 201 2758 urbem
225 2687 388 2761 natalem
403 2685 618 2777 habuisset,
644 2694 687 2757 ut
712 2692 913 2758 attestatur
930 2682 1072 2758 Statius
1098 2684 1209 2781 sylv.

63 2802 175 2878 Libr.
192 2803 264 2877 ΠΙ.
290 2804 416 2879 Garm.
434 2805 493 2898 3.,
528 2804 632 2903 quod
662 2801 869 2875 Lacrimae
893 2803 1055 2876 Etr-naci
1075 2804 1210 2879 imeri·

62 2924 191 3016 bion,
225 2949 265 2997 v.
280 2924 345 2997 00.
403 2922 525 2998 Porro
557 2929 877 2997 commemoratur
902 2945 925 2994 a
948 2920 1100 3021 llallejo
1126 2925 1212 2998 He·

61 3041 228 3131 renuite
261 3042 471 3136 Etr-uacua,
515 3038 671 3139 Trajani
702 3039 811 3114 Decii
843 3039 963 3135 lilius,
1009 3038 1117 3141 cujus
1148 3043 1211 3115 in·

62 3169 214 3263 tegi-tun
238 3184 380 3235 nomen
409 3161 455 3256 (l.
481 3158 708 3234 Herennius
731 3161 923 3233 Etmaeua
946 3160 1116 3234 Massiua
1134 3163 1212 3232 De-

62 3279 151 3354 cius
184 3280 349 3355 ooourrit
380 3279 422 3353 in
454 3277 586 3352 Numis
618 3303 680 3377 ap.
714 3278 919 3352 Raaohium
952 3278 998 3351 L.
1030 3278 1077 3351 N.
1093 3277 1145 3351 ll.
1172 3281 1211 3350 2.

63 3426 104 3499 p.
133 3398 370 3473 228-232.
397 3405 437 3474 et
459 3398 502 3471 in
525 3397 717 3496 Inscriptt.
744 3419 806 3495 ap.
834 3395 1023 3470 Orellium
1047 3394 1092 3466 N.
1119 3396 1211 3468 995.

63 3526 105 3593 et
129 3519 222 3592 990.
273 3517 449 3617 Denique
474 3542 496 3592 a
521 3516 712 3591 Kordesio
738 3517 786 3588 ad
815 3513 1041 3589 Eberhardti
1065 3514 1154 3586 libr.
1177 3537 1211 3588 o.

64 3647 96 3727 t.
124 3637 189 3710 34.
221 3634 266 3710 N.
287 3663 353 3731 gg.
387 3662 426 3735 p.
452 3639 542 3711 210.
577 3635 730 3711 additur
763 3636 953 3708 Emtactta
977 3630 1211 3722 Menenius,

64 3751 174 3856 otrjus
199 3753 442 3856 Epigramma
473 3756 515 3828 in
538 3754 769 3829 Piscatorem
801 3752 939 3853 legitur
962 3751 1004 3827 in
1028 3750 1213 3825 Brunckii

65 3874 174 3947 Anal.
209 3873 322 3948 Tom.
347 3873 398 3947 ll.
424 3901 465 3973 p.
488 3874 579 3947 307.
612 3872 660 3946 ol.
694 3871 862 3947 Jaoobaii
895 3870 1098 3946 Animadv.
1124 3870 1211 3945 Vol.

64 3992 136 4065 ΠΙ.
164 3992 207 4066 Ρ.
223 3993 262 4066 3.
288 4019 328 4092 p.
345 3994 435 4067 892.
494 3994 573 4067 llos
607 4016 741 4066 omnes
774 3999 921 4065 certum
955 3998 1014 4064 est
1045 4017 1126 4066 non
1150 3997 1213 4064 tu·

64 4112 158 4185 lisso
183 4136 207 4186 a
231 4119 337 4189 terra
361 4112 476 4186 natali
499 4136 642 4187 nomen
662 4110 832 4186 Etruaca'.
883 4110 1008 4209 Atque
1033 4112 1137 4187 idem
1163 4112 1212 4184 de

67 4230 200 4307 Cassio
223 4230 434 4307 Horatiano
460 4232 662 4306 dicendum
687 4239 764 4325 est,
790 4230 857 4329 qui
882 4239 946 4305 aut
967 4233 1214 4308 vehementer

65 4348 200 4450 fallor,
234 4357 302 4429 aut
333 4351 368 4429 si
397 4375 423 4429 a
453 4350 537 4429 tolo
566 4350 690 4452 patrio
724 4350 975 4454 designandus
996 4341 1103 4446 erm,
1136 4368 1214 4422 non
