2686 5236
96 654 149 731 2²
452 674 502 725 us
530 674 566 723 ι.
583 672 709 725 rruro
736 670 882 723 rosrs.

96 866 166 917 aas
189 866 230 939 p.
246 840 310 917 49.
368 836 447 915 Eos
480 836 620 940 injrnia
646 838 814 912 desernit
837 835 881 909 Ρ.
905 832 1121 930 Manutius,
1155 830 1238 909 alle·

98 961 248 1059 oitrpra,
280 967 325 1033 nt
351 961 401 1034 ad
425 966 596 1034 nostram
620 980 744 1056 usque
767 956 994 1032 memoriam
1017 954 1059 1029 lr.
1078 954 1107 1028 l.
1139 953 1184 1031 V
1176 976 1239 1027 ora

98 1080 302 1181 legeretur.
355 1077 436 1154 seu
464 1077 585 1157 Varii
607 1100 749 1152 nomen
769 1076 913 1152 merito
947 1074 1121 1174 reposuit
1145 1072 1240 1169 floy-

99 1200 186 1273 nins
219 1206 259 1273 et
296 1199 389 1274 scite
421 1198 594 1291 monuit,
635 1198 686 1271 ol)
720 1195 881 1271 Cinnam
913 1192 1059 1293 requiri
1082 1192 1241 1267 mentio·

99 1342 190 1395 nem
214 1324 353 1417 poetae
378 1312 555 1417 alieuius,
590 1340 758 1414 qrrooum
782 1314 849 1389 illa
874 1320 1149 1413 oomponatur3
1173 1309 1243 1385 Vs·

100 1462 189 1513 rum
213 1445 361 1530 autem,
396 1433 504 1536 eujus
529 1434 676 1510 mentio
704 1434 976 1535 praecesserit,
1003 1457 1086 1507 non
1113 1428 1243 1507 earmi-

101 1556 234 1649 nibus,
261 1558 330 1630 sed
354 1555 491 1629 militia
516 1555 661 1629 alanum
685 1553 817 1629 fuisse.
869 1553 945 1628 Res
970 1548 1149 1651 profecto
1173 1558 1245 1623 tam

89 1674 303 1751 'manifesta
334 1685 413 1768 est,
454 1680 497 1747 ut
530 1672 619 1747 satis
652 1673 786 1747 mirari
809 1695 1018 1770 nequeam,
1056 1669 1246 1767 quomodo

102 1793 148 1870 N.
174 1794 371 1889 Heinsius,
406 1792 648 1866 Burmannus
673 1799 714 1867 et
737 1791 975 1883 Brunckins,
1010 1786 1248 1864 exoellentis·

104 1912 193 1987 simi
223 1913 279 1987 illi
312 1911 416 2006 Viri,
460 1911 564 1987 lrnno
588 1911 833 1985 librariorum
858 1932 1031 1983 errorem
1057 1907 1248 2009 potuerint

104 2033 274 2108 retinere
307 2056 353 2107 ao
388 2054 522 2106 seoure
554 2053 779 2131 propagare.
849 2028 1033 2103 Codicum
1074 2026 1182 2102 enim
1212 2026 1248 2099 in

106 2152 316 2251 depravata
340 2145 453 2251 hujus
474 2150 641 2224 nominis
658 2151 844 2248 scriptura
860 2166 1091 2223 eonsensum
1109 2145 1248 2221 siiorte

31 2296 34 2301 ’
101 2278 380 2368 respexerrmt,
422 2268 544 2344 multo
576 2268 706 2368 potior
738 2269 786 2341 iis
820 2292 904 2343 osse
929 2266 1062 2341 debuit
1089 2264 1248 2341 arroteri-

108 2396 165 2465 tas
198 2387 344 2483 Servii,
386 2389 476 2486 qui,
517 2389 592 2462 nisi
625 2389 668 2462 in
701 2410 773 2463 suo
807 2386 988 2486 exemplo
1017 2384 1172 2486 Virgilii
1201 2382 1247 2457 le·

109 2508 227 2609 gisset
255 2508 298 2585 V
292 2506 381 2582 orio
387 2559 401 2598 ,
427 2532 507 2582 non
531 2508 721 2607 putruisset
745 2506 794 2581 ad
819 2506 1092 2579 illustrandum
1109 2500 1246 2605 Virglln

109 2627 239 2703 loornn
264 2627 429 2728 allegare
453 2626 600 2700 Horatii
625 2625 732 2700 Lilrr.
749 2624 781 2700 1.
808 2623 883 2700 Od.
901 2627 939 2701 6.

231 2743 418 2820 Scriberis
446 2745 489 2821 V
483 2743 593 2837 orio,
609 2744 741 2846 fortis
765 2756 803 2818 et
828 2744 1000 2819 hostium

235 2863 391 2956 Victor,
417 2863 597 2939 Maeonii
618 2862 808 2939 corrm'nr'a
829 2864 939 2956 alite,

236 2983 366 3081 Quum
389 3007 472 3056 reus
497 3008 658 3084 oumpue
670 2985 800 3083 ferox
824 2981 994 3059 novibus
1019 2994 1095 3065 unt
1118 2978 1223 3085 equis

319 3099 435 3175 Miles
459 3112 498 3174 te
520 3102 617 3176 duce
638 3100 802 3198 gesserit
814 3104 874 3200 ¹⁷).

112 3262 322 3275 ffl—

202 3345 255 3413 17)
277 3337 337 3403 Hie
357 3340 442 3403 locos
461 3343 563 3404 multis
583 3341 724 3403 Virorum
746 3342 904 3406 Doctorum
925 3345 1018 3421 patuit
1037 3342 1249 3405 moun·

115 3436 145 3491 et
165 3424 424 3513 «lisputationibus,
452 3449 523 3505 quas
552 3429 649 3490 ridere
676 3430 744 3490 licet
772 3433 802 3489 in
829 3430 904 3503 Jsuii
926 3429 1009 3491 Nolis
1030 3427 1104 3491 Grit.
1127 3430 1166 3491 ad
1185 3426 1251 3491 lul

114 3512 189 3575 Vol.
205 3510 230 3573 Ι.
252 3534 282 3589 p.
300 3516 372 3588 sa,
393 3516 556 3590 reponenlis
577 3513 788 3578 sapuerant
810 3520 1002 3591 conjecturam
1022 3514 1102 3593 altu,
1123 3530 1252 3593 praeen-

116 3599 194 3659 tibus
215 3595 375 3672 Lambiuo,
405 3596 552 3675 Stephano
577 3611 606 3662 et
628 3598 799 3675 Sausdono,
829 3602 932 3676 quiluu
953 3611 1063 3661 tautum
1084 3622 1145 3661 non
1166 3616 1253 3663 om

117 3694 239 3746 reoentt.
260 3682 396 3771 Editores
425 3696 613 3747 uocauerunt.
667 3684 789 3747 Codices
808 3684 881 3747 Mai
904 3688 1021 3763 plurimi
1049 3688 1137 3762 eique
1165 3682 1254 3763 opthl

118 3769 190 3829 alite
208 3780 370 3830 corrstsnter
384 3773 536 3845 praebent:
557 3772 588 3831 id
609 3772 687 3849 quod
700 3770 826 3846 Bentleii
848 3773 904 3833 lloc
925 3774 961 3834 de
981 3775 1045 3834 loco
1064 3774 1216 3853 silentiosa
1232 3776 1256 3829 et

117 3852 353 3933 Vaurlerbourgii
382 3852 456 3916 Vol.
473 3855 497 3916 Ι.
524 3881 556 3934 p.
577 3862 630 3920 40.
660 3861 854 3919 testimonium
884 3859 984 3935 docet,
1012 3853 1257 3936 quintinense

118 3962 184 4003 eum
204 3938 329 4002 xvlll.
350 3944 517 4002 suauitate
538 3943 670 4005 inductus
691 3946 845 4005 revocarit.
889 3944 937 4005 De
958 3943 1026 4005 Gar.
1047 3942 1128 4005 Fere
1151 3943 1259 4003 lidae!

118 4025 196 4104 quod
225 4028 403 4089 dubitemus:
434 4030 511 4103 jurato
536 4030 649 4106 parcior
674 4033 772 4091 estin
803 4029 942 4092 enatando
968 4028 1000 4091 Ιι.
1021 4032 1043 4091 Ι.
1069 4028 1207 4091 lectioni!
1223 4026 1259 4087 Ι·

118 4114 262 4175 versitate.
315 4112 349 4174 ln
378 4114 509 4175 confesso
539 4125 601 4192 est,
633 4112 758 4176 Varium
786 4113 816 4174 Ιι.
838 4117 859 4176 l.
882 4116 939 4177 diei
966 4114 1108 4176 Maeonii
1127 4113 1261 4177 carminis

119 4200 236 4277 olitores,
257 4200 279 4261 i.
295 4221 322 4261 e.
343 4212 457 4278 poetam
476 4199 640 4275 heroicum,
662 4203 712 4277 qui
733 4220 780 4260 res
800 4214 898 4279 gestas
918 4213 999 4263 caost
1019 4204 1147 4262 earmina
1169 4198 1263 4261 Mare

119 4286 181 4344 uio.
231 4282 385 4347 Passeratii
413 4292 603 4363 conjecturam
631 4285 826 4348 distinere
855 4289 981 4348 ruolium
1003 4286 1264 4361 oommeodstioris

119 4368 328 4449 nondilliteor3
350 4372 404 4433 sed
425 4395 482 4450 quo
499 4373 613 4434 facilior
633 4384 694 4434 erat
715 4373 816 4433 calami
838 4394 871 4434 aa
895 4375 926 4433 iu
941 4394 1012 4434 rore
1025 4374 1142 4451 lapsus,
1164 4388 1265 4435 eom·

122 4458 168 4535 gis
189 4458 294 4517 minua
320 4479 367 4518 me
387 4456 473 4520 labet
494 4470 627 4520 constans
655 4459 795 4519 librorum
816 4456 962 4520 Malorum
981 4478 1158 4534 semensas,
1187 4474 1265 4535 qun

121 4538 199 4600 lraud
219 4545 298 4617 porri
319 4542 350 4603 lr.
370 4543 393 4605 Ι.
415 4544 578 4605 lanuuium
599 4545 731 4606 arbitror.
782 4543 882 4625 Quare
904 4542 1045 4607 (lodicum
1074 4546 1265 4605 sustorltnlu

122 4628 263 4687 reveritos
292 4629 380 4688 malui
406 4650 471 4691 eam
496 4632 570 4691 inira
596 4633 691 4706 riam,
723 4652 808 4707 quom
837 4652 930 4707 nuper
950 4633 1035 4692 etism
1056 4632 1210 4707 ingressus
1228 4632 1265 4687 nl

121 4708 243 4773 Jslrnius
263 4714 294 4773 iu
315 4712 429 4791 llorafli
452 4713 527 4776 Edit.
550 4716 601 4776 alt.
623 4738 654 4792 p.
669 4722 764 4795 222,
793 4719 843 4793 qui
864 4714 939 4779 huno
958 4718 1055 4777 lorum
1076 4718 1116 4775 iis
1137 4716 1265 4777 ώω·

122 4796 244 4861 uuam
269 4806 386 4881 rem,
417 4802 448 4861 iu
474 4802 580 4879 quibus
609 4802 730 4865 verbum
758 4802 925 4880 passivum,
955 4798 1127 4881 siquiden
1153 4798 1193 4863 ele
1212 4797 1265 4861 d·
