2670 5294
498 678 549 730 DE
575 678 712 731 CAESIO
737 670 958 731 rennuunt.

151 847 230 935 eat,
274 847 408 914 aetate.
476 840 622 915 Versus
653 840 800 942 primus
832 862 926 941 prae
953 842 1118 919 caeteris
1145 842 1292 918 vexarit

152 959 404 1057 Interpretes,
445 984 534 1032 cum
568 985 648 1035 non
687 959 893 1053 haberent,
947 985 1026 1060 quo
1059 986 1098 1037 v.
1136 960 1291 1037 a‘atorun

152 1077 348 1152 referrent.
413 1076 625 1153 Oileusioni
661 1079 775 1153 etiam
809 1077 901 1172 fuit,
937 1081 1044 1178 quod
1070 1079 1138 1156 hio
1164 1080 1291 1153 chom-

150 1222 225 1291 gru
252 1197 398 1271 dicatur
422 1197 607 1288 conduci,
635 1222 724 1273 cum
748 1198 874 1296 potius
900 1198 1056 1299 choragi
1082 1200 1135 1273 sit
1162 1200 1290 1274 condu-

154 1338 243 1389 cere
268 1314 500 1416 choragiiun.
554 1316 679 1410 Quare
694 1317 906 1391 hievernus
930 1316 1048 1391 variis
1063 1318 1196 1392 modin
1219 1340 1290 1391 eor·

154 1434 459 1532 motionibusque
492 1441 677 1529 tentatus,
712 1458 763 1509 ne
796 1434 939 1529 (licam,
973 1434 1203 1534 inquinatus
1230 1440 1288 1508 ed·

154 1550 199 1624 Ν.
219 1551 364 1625 lleinsii
391 1561 433 1626 et
459 1551 615 1629 Graevii
640 1553 846 1629 correctior

211 1670 309 1745 Cura
347 1670 510 1745 mrinum
550 1670 766 1746 hrota-orum
805 1669 997 1747 commit
1035 1696 1181 1747 mem
1213 1670 1285 1745 olto·

778 1814 887 1885 ruga,

156 1906 358 2011 violentior
393 1914 454 1982 est
485 1930 601 2007 (pram
634 1930 733 2006 ‹prae
773 1908 949 2005 utiquam
981 1909 1108 2006 possit
1139 1906 1283 2009 probari

155 2023 340 2123 Displicet
371 2051 526 2127 quoque
560 2025 682 2100 trister
720 2050 793 2126 pro
827 2026 1036 2129 histrione,
1072 2026 1283 2103 vocabulum

159 2142 329 2219 Tuscum
361 2170 385 2219 a
415 2145 568 2219 nemine
593 2145 668 2220 olio
692 2144 954 2220 Romanorum
977 2154 1206 2245 usurpatum
1212 2196 1225 2236 ,
1252 2150 1285 2215 nt

157 2261 334 2337 discimus
368 2286 422 2338 ox
454 2263 556 2339 Livii
588 2262 695 2338 Libr.
723 2264 808 2339 VII.
843 2286 878 2339 o·
903 2267 940 2339 2.
973 2274 1005 2356 o.
1026 2267 1066 2340 6.
1130 2263 1284 2361 lioniqm

156 2378 299 2454 mimus
332 2381 548 2456 tremorum
581 2383 648 2458 vix
671 2383 725 2457 ita
750 2381 826 2457 ‹lioi
849 2390 1019 2481 poterat,
1043 2390 1090 2458 ut
1115 2380 1282 2483 siguino

158 2507 292 2572 rentur
324 2501 468 2577 mimici
501 2502 725 2592 histriones,
766 2525 845 2574 non
868 2501 952 2576 veri
976 2500 1205 2594 histriones,
1233 2494 1282 2597 qni

157 2617 276 2692 instar
307 2617 538 2694 histrionum
571 2621 774 2694 induerant
804 2643 982 2719 personas
1016 2621 1180 2695 deorum
1213 2618 1283 2691 ‹lea-

158 2760 323 2834 rumque
347 2764 425 2813 non
449 2740 492 2813 in
517 2762 650 2831 scena,
677 2739 783 2815 aed‘
770 2764 812 2812 ιιι
837 2738 1033 2831 convivio,
1060 2739 1106 2812 in
1131 2760 1209 2836 quo
1228 2733 1282 2810 nri·

158 2880 266 2929 mum
289 2857 398 2931 illum
415 2858 608 2956 epularem
625 2860 752 2930 δώδεκα
772 2863 865 2929 θεῶν
881 2856 1001 2930 aouui
1019 2864 1144 2931 erant.
1184 2854 1282 2929 Mun

160 2974 276 3048 etiam
312 2978 491 3052 audacius
523 2985 583 3050 est
616 2986 809 3053 tentamen
843 2974 890 3051 G.
915 2975 963 3047 Η.
986 2971 1260 3050 Bernsteinii
1249 2994 1280 3044 n
1323 2940 1327 3127 4

160 3092 265 3167 libr..
304 3096 450 3171 Verane
475 3094 659 3169 ludicri
639 3124 684 3171 ιιι
708 3099 912 3170 Ronmuoa
940 3096 1144 3171 Caesarea.
1180 3088 1327 3191 (llalit

160 3210 255 3291 Sax.
285 3214 398 3288 1810.
425 3215 545 3312 8..)p
566 3214 628 3290 51.
655 3211 912 3316 conjicientis.

216 3333 347 3430 (ὶιιιιιι
387 3331 549 3407 Bromio
589 3331 756 3408 a'ctoaum
787 3331 992 3432 conspexit
1029 3355 1175 3406 merrae
1212 3324 1285 3402 nir

779 3476 935 3546 rugum.

160 3568 357 3645 Emestius
381 3577 426 3643 ut
449 3572 506 3646 rei
533 3569 792 3647 difficultatem
817 3571 1036 3669 expediret,
1063 3567 1230 3670 confugit
1248 3560 1286 3637 11

161 3688 386 3792 hypallagen
425 3691 563 3765 merito
598 3691 836 3787 repudiatam
869 3691 916 3762 ab
950 3690 1045 3764 aliis.
1113 3686 1286 3787 Eupritlon
1324 3714 1327 3787 g

160 3805 263 3881 huno
287 3833 465 3905 versum,
499 3809 576 3886 levi
601 3808 768 3883 adhibita
792 3809 1025 3903 mutatione,
1062 3804 1287 3881 scribentur
1324 3794 1327 3861 l

161 3949 318 4001 censeo:

217 4045 348 4142 Quum
386 4043 564 4146 porinum
603 4043 770 4120 ictorum
811 4042 1004 4119 σοιιάιωίι
1037 4068 1182 4120 menan
1214 4038 1285 4116 etc-

780 4160 963 4257 rugium:

159 4283 432 4380 praeeuntibus
465 4280 708 4377 casaubono,
748 4281 968 4355 Burmanno
1005 4290 1046 4356 ot
1079 4276 1287 4356 Oudmtu·

160 4400 246 4499 pio,
280 4403 466 4499 aquiibus
490 4400 602 4475 metri
627 4399 746 4499 gratia
772 4407 1016 4496 comparatur
1042 4397 1207 4475 Ovidius
1222 4392 1287 4469 llo·

161 4523 252 4591 tam.
278 4517 386 4593 Libr.
402 4519 490 4594 XV.
517 4544 554 4595 ι.
573 4520 662 4592 718.
713 4518 796 4609 „Et
820 4518 935 4591 aelim
963 4515 1131 4594 circaea
1151 4527 1189 4590 et
1206 4506 1286 4613 apia·

163 4634 202 4710 ai
212 4634 340 4710 litoris
362 4634 577 4712 Λιιτήιιιι.“
625 4636 713 4710 Alia
739 4635 972 4731 Synizeseos
988 4631 1106 4738 hujus
1131 4626 1285 4731 emph

162 4754 272 4835 attrili
307 4752 347 4825 in
382 4752 708 4831 commentatione
743 4755 793 4829 ae
817 4752 868 4829 L.
898 4751 1027 4834 Vario
1051 4756 1184 4832 Poeta
1213 4742 1286 4845 §.4
