2670 5294
319 254 524 306 rxeonsus
549 255 589 305 v.
948 231 1023 307 ata

89 427 120 495 la
145 419 186 494 in
211 416 286 494 boo
309 418 466 493 nomine
491 419 659 511 uariauit,
685 427 730 493 ut
753 418 836 516 ipse
861 413 1020 495 Ouden-

89 540 186 613 nimi
218 539 465 636 pependerit,
504 547 629 613 utram
659 537 823 612 nominis
856 535 1019 610 formam

105 681 167 755 ap.
193 654 355 730 Sueten.
382 655 512 729 Claud.
539 680 572 731 o.
592 660 630 731 2.
655 695 707 710 -
743 656 793 729 ll.
811 654 1019 754 Caunegie·

89 776 174 848 llut.
200 775 313 849 Rom.
336 774 447 849 Nom.
466 801 500 850 o.
516 776 567 848 ll.
586 803 624 874 p.
644 777 684 849 8.
710 771 874 871 praefert
889 771 1019 847 Julius

89 918 153 968 ren
170 893 406 993 gentilicium
421 918 504 969 esse
519 902 661 968 censet.
699 892 808 967 Idem
826 916 887 990 ap.
904 892 1016 965 Dion.

89 1039 115 1086 r.
142 1012 245 1086 LIV.
272 1037 305 1086 o.
327 1014 390 1087 26.
415 1038 487 1110 pro
502 1008 635 1095 ”lellus
658 1011 849 1109 adoptavit
870 1010 1017 1105 Xylnu·

89 1131 270 1204 lationem
292 1129 426 1215 Ἰόλαος,
461 1130 528 1203 ubi
560 1154 684 1228 nuper
715 1138 818 1205 reete
843 1127 1017 1204 Struziue

89 1254 219 1338 Γῦλοςὸ
250 1262 293 1326 τῦ
315 1254 469 1328 >tumvlo
497 1267 596 1340 παῖς,
630 1272 792 1346 eamtpre
816 1249 1017 1323 lectionem

97 1372 332 1447 dubitatione
362 1375 521 1450 assentit
548 1375 628 1448 Vol.
654 1371 723 1444 lll.
748 1396 787 1467 p.
814 1369 902 1443 303.
927 1366 1013 1440 Not.

95 1491 263 1565 nominis
279 1493 504 1590 scripturam
522 1500 660 1567 tectam
676 1497 888 1585 sortemque
903 1507 1015 1583 proe-

89 1610 169 1702 ius,
202 1610 272 1706 qui
295 1610 386 1686 huie
411 1610 620 1686 Triumviri
654 1608 752 1701 lilio,
784 1629 854 1680 auo
879 1602 1014 1693 amieo,

92 1727 201 1801 Libri
227 1728 295 1803 IV.
325 1727 450 1804 Odam
475 1733 536 1803 2.=

89 1872 147 1920 um
172 1846 346 1947 quisquis
370 1849 501 1921 nudet
525 1840 734 1939 aemumrl,

89 1965 204 2039 mztis
228 1990 301 2066 ope
323 1968 529 2041 Daedalea

95 2083 240 2184 penaria
245 2137 260 2176 ,
285 2083 410 2159 vitreo
435 2087 605 2158 ‹btturua

274 2202 449 2278 Nomina
471 2216 607 2304 ponto.

89 2347 120 2412 ι,
155 2320 312 2418 opinor,
346 2322 441 2415 erit,
475 2323 543 2420 qui
569 2346 620 2397 ex
646 2320 773 2395 ormno
798 2317 1012 2410 contendat,

89 2493 96 2531 ‚
130 2440 194 2512 ille
226 2440 259 2514 si
292 2441 414 2523 diotrn
445 2441 578 2515 fuisset
610 2439 763 2530 didius,
805 2446 869 2539 aut
899 2434 1013 2511 metri

89 2584 154 2632 um
178 2567 245 2632 aut
269 2560 419 2634 lieentia
442 2562 571 2635 ulmeio
592 2585 667 2659 qua
683 2560 884 2657 abreptmn
901 2554 1012 2630 amiel

89 2686 284 2752 :mutasse
309 2679 481 2777 adeoque
507 2681 733 2754 demutasse.
791 2675 839 2751 Id
872 2674 1013 2749 laetum

89 2820 143 2894 pre
169 2798 337 2894 potuisse
369 2806 484 2898 negat
514 2799 598 2897 ipse
622 2798 666 2871 P.
691 2795 858 2871 lloiman
882 2794 1013 2869 Peerl-

97 2916 165 3012 qui
190 2915 349 2991 mirifico
375 2942 467 2990 treus
489 2917 661 2991 acumine
675 2915 760 2989 1th
772 2940 912 2990 nomen
929 2915 967 2988 l1.
984 2914 1011 2989 l.

89 3032 117 3106 t!
138 3075 191 3089 -
216 3035 268 3108 At
292 3041 402 3108 erunt
426 3034 587 3110 fortasse
611 3034 680 3133 qui
696 3032 880 3109 Graecam
903 3034 1012 3110 istius

89 3153 250 3252 riginem
278 3162 456 3254 urgentes
487 3154 581 3227 illud
616 3162 659 3227 ut
692 3154 930 3248 trisyllabum
962 3156 1011 3229 ab

92 3272 242 3345 ebuisse
275 3270 437 3369 proferri
474 3279 648 3347 oerneant
678 3280 717 3346 et
751 3272 819 3368 qui
848 3296 935 3345 eom
960 3274 1010 3347 ob

89 3390 265 3466 'asseratii
297 3391 482 3467 rationem
515 3415 602 3467 eum
626 3389 815 3466 Lambino
848 3390 1011 3490 probent

89 3652 143 3700 rm
168 3625 345 3728 quisquis
369 3630 499 3704 eludet
523 3628 739 3722 omrrnlori,
765 3630 807 3704 l·

89 3745 190 3820 ratie
216 3771 290 3846 ope
313 3749 520 3823 Daedaleo

92 3863 238 3964 peonio
262 3871 337 3942 eto.

89 3984 242 4059 ›rrectio
268 3986 408 4084 placuit
432 3987 505 4086 ipsi
530 3987 574 4063 Ν.
592 3988 748 4065 Heinsio
772 3991 821 4066 ad
839 3986 909 4063 Sil.
926 3986 1012 4064 Ital.

89 4101 115 4174 l.
140 4126 179 4176 v.
205 4104 269 4178 91.
276 4156 289 4197 ,
315 4128 416 4203 (prae
440 4113 570 4183 tamen
594 4110 816 4208 neutiquam
839 4130 1012 4186 neeesse·

89 4220 144 4314 lui
169 4222 219 4295 de
245 4219 357 4322 hujus
383 4226 641 4327 sirniliumque
665 4229 867 4306 nominum
885 4254 957 4305 um
973 4234 1012 4302 et

88 4340 173 4418 ione
189 4351 370 4443 egerrmt,
395 4345 601 4425 londonen·
631 4349 681 4426 ab
696 4348 836 4431 labnio
853 4346 1014 4431 ad-Ovl·

856 4552 865 4567 ·
904 4502 1087 4584 „n-
