2670 5294
488 288 695 345 excussos
720 293 751 344 r.
1101 272 1180 347 3⁰3

85 448 147 529 nis
178 458 288 551 post,
329 457 375 526 ut
405 450 519 529 dooet
549 450 846 554 Oudendorpius
878 457 929 531 ad
954 480 988 532 o.
1010 460 1049 534 7.
1098 459 1180 536 llao

85 570 255 673 njaotura
280 570 386 646 ‹luoti
410 572 607 670 ponimus,
640 571 807 648 Nonium
833 597 935 650 anno
960 576 1006 650 U.
1030 575 1072 651 G.
1090 581 1179 653 726.

85 715 148 767 are
184 689 420 765 debilitatum
460 690 608 765 oiroiter
648 714 766 767 annos
803 694 851 768 14
874 734 928 749 -
953 696 1014 769 18.
1047 702 1180 770 natum

85 811 166 886 lsse.
224 807 326 881 llum
357 808 471 910 igitur
494 809 702 910 Augustus,
743 819 785 885 ut
820 811 1023 889 Suetonius
1048 822 1180 888 ortator

85 936 117 1023 t,
150 936 288 1026 torque
321 950 441 1003 aureo
481 928 657 1022 denovit,
696 952 904 1028 passusque
936 939 1013 1026 est,
1053 933 1178 1031 ipsum

85 1054 283 1144 sterosque
323 1043 427 1122 ferre
466 1044 662 1145 Torquati
694 1069 917 1147 cognomen.
979 1051 1027 1124 In
1062 1054 1178 1126 Com-

85 1166 269 1240 sntatione
293 1166 344 1238 ‹le
360 1162 488 1241 Cassio
506 1164 701 1239 Parmensi
725 1166 813 1254 §.A
839 1169 1004 1265 probaro
1029 1172 1177 1244 studui-

84 1310 142 1378 rs,
176 1283 280 1358 huno
304 1282 552 1381 Asprenatem
575 1281 741 1357 Nonium
766 1307 801 1358 a.
828 1285 873 1359 U.
892 1288 934 1361 C.
953 1288 1041 1363 745.
1067 1313 1177 1363 eaus-

84 1428 117 1477 n
147 1400 322 1479 venefieii
355 1402 517 1496 dixisse,
562 1408 761 1476 aoetrsante
785 1400 916 1477 Cassio
950 1403 1095 1480 Severo
1131 1398 1176 1482 ao

84 1519 261 1595 lauduuo
299 1520 434 1596 Asinio
466 1520 661 1615 Pollione,
703 1542 870 1618 eumque
902 1523 1026 1599 videri
1059 1523 1177 1599 fuisse

84 1664 155 1715 um
178 1639 290 1714 Nonii
310 1639 555 1738 Asprenatis,
590 1640 658 1738 qui
683 1648 1007 1716 commemoretur
1031 1645 1078 1716 ab
1094 1643 1176 1715 Au-

84 1781 141 1834 ›re
173 1761 223 1834 de
253 1758 302 1833 Β.
335 1758 450 1834 Airie.
484 1782 519 1834 e.
552 1760 617 1832 80.
683 1759 807 1851 Quam
848 1761 1032 1861 gratiosus
1075 1763 1174 1860 oprul

84 1884 245 1978 ugustm
275 1874 413 1971 lirerit,
455 1878 686 1953 ‹loeumeuto
719 1884 807 1951 sunt
839 1901 886 1953 ea
911 1903 1009 1976 quae
1035 1877 1176 1954 Sueto·

86 2019 119 2068 rs
144 2019 179 2069 e.
198 1995 261 2069 56.
295 2002 438 2070 namt.
495 1992 591 2095 Ejus
614 1993 738 2069 affinis
763 1996 867 2070 haud
893 1999 1008 2071 ‹lubie
1031 1998 1103 2071 luit
1127 1996 1175 2072 L.

83 2113 176 2187 urius
201 2113 410 2213 Asprenas,
445 2114 490 2189 Ρ.
516 2113 683 2207 Quuintilii
708 2112 800 2188 Vari
825 2115 867 2187 in
892 2114 1096 2189 Germania
1121 2117 1177 2190 le·

83 2238 162 2323 tus,
206 2232 255 2307 de
287 2256 364 2330 quo
398 2232 582 2307 normulla
615 2233 715 2307 diota
747 2240 835 2306 suut
867 2232 908 2305 in
941 2231 1118 2307 Exoursu
1142 2232 1175 2307 Ι.

114 2348 329 2427 Commeat.
355 2351 405 2426 de
429 2349 478 2424 L.
509 2348 623 2424 Vario
649 2350 779 2425 Poeta.
830 2350 994 2444 Nonius,
1021 2352 1071 2425 de
1097 2376 1174 2450 quo

83 2492 245 2544 ’sermo
277 2480 356 2563 est,
390 2493 578 2567 nusquam
612 2468 723 2563 alibi,
763 2469 870 2568 quod
894 2469 1031 2562 seiam
1067 2493 1175 2543 com-

83 2597 286 2683 emoratur,
336 2589 410 2661 nisi
452 2586 553 2661 forte
586 2587 808 2686 impositum
842 2587 880 2662 ei
919 2588 967 2661 ab
1007 2587 1175 2687 Augusto

82 2705 232 2804 srqmsti
261 2731 401 2781 nomeu
432 2731 504 2780 usu
536 2714 651 2802 atque
685 2708 909 2782 auctoritate
936 2707 990 2780 ita
1015 2729 1173 2803 praeva-

84 2832 123 2915 t,-
165 2832 207 2897 ut
237 2848 380 2899 nomeu
421 2820 505 2923 ejus
539 2824 677 2923 gentile
711 2849 866 2924 prorsus
904 2824 1173 2899 obsolesoeret.

82 2941 127 3017 tie
165 2943 338 3041 opinioni
378 2940 576 3043 suffragari
616 2944 765 3019 videtur
798 2942 999 3042 Inscriptio
1032 2945 1175 3017 Romae

82 3068 184 3136 teuta
207 3062 310 3160 apuul
334 3060 489 3137 Gnrter.
517 3059 776 3134 CLXXXVll.
803 3065 881 3135 l0.=

104 3270 111 3279 ,
210 3178 257 3253 1..
281 3178 535 3255 MANLIO.
587 3181 633 3272 Q.
658 3174 990 3270 TORQUATO

251 3414 381 3492 lMP.
418 3414 670 3492 CAESAR.
720 3411 877 3487 DIVI.
919 3410 949 3485 F

442 3529 763 3610 AUGUSTUS

164 3650 345 3728 PONT.
378 3650 529 3727 MAX.
563 3650 731 3725 TRlB.
764 3646 908 3723 POT.
932 3647 1042 3723 XVII

461 3770 588 3845 IMP.
612 3767 739 3843 Xllll.

81 3890 94 3963 i
127 3888 315 3965 Grutenrs
342 3890 522 3981 adnotat,
555 3887 644 3961 illos
668 3885 852 3961 Corrsules
884 3880 1062 3958 suffectos
1087 3910 1172 3961 esse

102 4008 193 4083 Kal.
219 4008 432 4085 Sextilibus
456 4030 492 4082 a.
518 4006 564 4081 U.
590 4004 634 4080 G.
660 4006 747 4079 748.
801 4001 860 4076 Ul.
884 4002 1008 4103 Piglrii
1031 4004 1171 4079 Amral.

99 4149 135 4202 a.
153 4127 200 4201 U.
217 4126 260 4204 G.
279 4128 367 4202 747.
392 4152 433 4225 p.
448 4124 537 4201 527.
562 4123 806 4197 Burmannus
833 4122 883 4196 ad
903 4118 1062 4198 Sueten.
1077 4125 1171 4224 Aug.

81 4250 115 4319 ⁵.
140 4246 310 4339 dubitat,
335 4270 430 4319 num
453 4245 495 4319 in
516 4244 583 4319 illa
601 4241 854 4339 Inscriptione
869 4238 1014 4316 Nonius
1028 4242 1171 4338 Aspre·

80 4363 377 4467 iintelligendtu
400 4363 471 4458 sit,
490 4384 579 4439 erun
603 4358 820 4461 Asprenatis
836 4382 1048 4493 oognomen
1063 4357 1171 4430 desit.
