2670 5294
444 702 495 753 DB
520 703 658 755 esseio
680 704 901 757 mundet.

94 865 301 958 orirmdus‚
336 863 508 941 restionis
531 865 631 941 filius
663 871 705 941 et
729 864 977 965 urgentes-iau.
1028 865 1136 943 liaeo
1158 866 1228 939 Au·

94 985 191 1061 tonii
214 985 411 1059 maledieta
436 986 664 1083 repetiverat
682 983 831 1059 Cassius
847 984 1065 1059 Parmensis
1090 986 1135 1059 iu
1158 987 1227 1084 epi·

94 1106 190 1179 stola
215 1105 378 1203 quisdam
404 1104 454 1176 ad
472 1104 744 1197 Octaviomun,
769 1104 861 1197 sed,
886 1111 930 1177 ut
955 1106 1121 1179 deeebat
1150 1128 1228 1202 poe·

95 1232 195 1317 tum,
234 1221 437 1322 allegorico
479 1248 568 1297 usus
603 1245 781 1297 sermone
822 1222 917 1297 boo:
950 1222 1151 1321 farinam
1187 1248 1228 1295 er

94 1341 264 1443 pistrino
289 1338 457 1413 Aricino
482 1340 644 1439 sumpsit
671 1340 711 1415 b.
736 1364 772 1415 e.
796 1366 962 1417 risorem
988 1343 1102 1417 duxit
1127 1340 1229 1415 filiun

95 1461 246 1561 pistoris
271 1454 468 1557 osrjusdam
492 1467 673 1557 paternus
697 1465 784 1532 tuus
822 1484 936 1552 aviis,
972 1468 1013 1534 et
1036 1484 1128 1535 earn
1151 1460 1228 1533 iari-

95 1604 185 1653 nam
210 1578 325 1678 pinsit
355 1578 531 1651 manibus
557 1578 709 1673 eollybo
735 1579 982 1673 decoloratis,
1016 1604 1110 1655 erun
1134 1604 1229 1653 merr-

95 1698 214 1773 sarius
239 1704 352 1771 esset.
404 1696 471 1769 Sie
490 1693 721 1791 Octavianus
744 1721 822 1771 non
847 1705 993 1771 tentiam
1017 1706 1065 1771 ut
1080 1698 1229 1795 pistoris,

96 1818 165 1891 sed
189 1815 306 1889 etiam
330 1815 536 1888 numularii
559 1838 680 1911 nepos
704 1839 793 1890 erun
818 1817 1051 1891 eontumeliu
1076 1824 1229 1891 notatu:

95 1933 223 2034 pistor
257 1934 361 2008 enim
393 1934 442 2007 ad
474 1940 707 2026 matorum,
749 1942 789 2007 et
820 1932 1077 2009 possideritis
1101 1937 1149 2008 ad
1172 1958 1231 2033 po-

96 2061 250 2129 toruum
275 2052 473 2127 Octaviani
496 2076 616 2151 genus
632 2049 852 2127 referendus
868 2061 938 2125 est.
989 2051 1112 2153 Igitur
1129 2075 1230 2151 mem

96 2172 247 2273 generis
287 2170 448 2245 insterni
490 2170 767 2269 ignobilitatem
803 2170 993 2246 Antonius
1035 2168 1229 2246 Octaviano

96 2291 211 2365 reetis
245 2289 372 2364 vorbis
406 2290 550 2386 probro
574 2295 761 2382 verterat,
796 2290 971 2363 eamdem
995 2289 1040 2363 in
1065 2313 1114 2365 eo
1138 2296 1230 2363 texat

98 2409 247 2484 Cassius
288 2430 360 2507 per
393 2407 615 2506 allegoriam
645 2407 798 2503 plenam
831 2408 1047 2482 aeerbitntis
1081 2416 1122 2481 et
1152 2407 1229 2480 artis

98 2550 250 2625 quotpre
276 2522 493 2624 eujusdam,
520 2548 596 2621 qua
622 2525 684 2601 vel
710 2525 862 2626 singedis
887 2527 1016 2601 verbis
1035 2526 1229 2626 plurimum

99 2647 186 2721 salis
212 2646 435 2743 adspersum
462 2650 530 2716 est.

199 2763 496 2838 Aoeouunodate
528 2762 740 2836 nominavit
772 2762 925 2860 pistoris
958 2761 1076 2837 filiam
1103 2764 1228 2856 ἀλληγο-

98 2890 199 2978 prucis
212 2880 428 2978 femimam:
469 2903 546 2977 quo
580 2881 737 2977 (pridem
769 2882 888 2955 verbo
921 2883 1014 2956 item
1049 2885 1228 2973 manslate,

99 3003 168 3077 sed
201 3000 393 3075 honestius
427 3024 519 3072 usus
552 3006 611 3072 est
643 2998 795 3072 Persius
831 3001 911 3074 Sat.
938 2999 986 3073 V.
1021 3026 1059 3077 v.
1093 3004 1175 3077 115.
1188 3040 1229 3055 -

98 3121 192 3194 Post
216 3144 300 3193 voe.
316 3115 471 3215 finire
495 3118 537 3191 iu
552 3117 670 3192 Codd.
697 3114 874 3192 Suetonii
897 3120 1029 3193 multis
1054 3120 1229 3219 reperior

99 3238 156 3329 si,
183 3236 393 3337 siquidem,
426 3261 499 3335 pro
529 3261 605 3334 quo
633 3234 926 3335 Oudendorpius
952 3235 1115 3339 conjecit
1142 3236 1229 3313 scili·

100 3370 178 3447 eet,
215 3356 319 3453 quod
354 3353 778 3455 Baumgarten-Cmsio
812 3363 850 3429 et
874 3356 1056 3430 Paldamo
1092 3358 1227 3445 arridet,

102 3501 180 3550 non
205 3476 300 3548 item
325 3471 434 3544 mihi.
486 3473 699 3566 Revooavi,
724 3482 931 3570 praeeunte
957 3473 1148 3570 Graevio,
1170 3484 1226 3561 est,

102 3594 209 3690 quod
244 3592 295 3665 ob
334 3614 414 3687 seq.
444 3590 573 3689 pinsit
604 3590 745 3691 flagitat
779 3593 957 3666 orationis
996 3594 1225 3668 ooneimrites.

102 3709 223 3785 Ollert
246 3710 340 3782 illud
356 3708 489 3782 Codex
518 3708 711 3798 Salmasii;
737 3709 944 3784 Politianus
969 3735 1024 3785 ex
1049 3712 1149 3787 Msto
1172 3734 1226 3783 uo-

101 3830 195 3906 tavit
220 3829 260 3901 in
286 3827 454 3926 margine
470 3826 569 3901 Edit.
587 3828 739 3901 blediol.
755 3828 965 3925 serumst,
992 3829 1112 3927 idque
1125 3829 1227 3903 blem-

101 3947 218 4022 miaui
245 3946 392 4020 Codiois
419 3970 574 4020 assensu
600 3947 759 4019 stabiliri
777 3948 924 4021 momsit
941 3945 1227 4047 Oudendorpius·

103 4065 205 4140 Satis
231 4067 369 4163 liquet,
403 4088 456 4138 ex
481 4077 519 4138 st
543 4065 676 4139 fecisse
701 4065 877 4139 librarios
902 4065 957 4158 si,
993 4069 1101 4164 quod
1126 4064 1228 4140 Codd.

102 4186 258 4281 plurimi
290 4183 451 4276 babent,
502 4193 539 4258 et
578 4185 619 4258 id
656 4190 845 4259 mutatmn
876 4208 959 4258 esse
993 4209 1016 4258 a
1050 4181 1230 4261 soiolisiu

103 4302 304 4401 siquidem.
322 4341 375 4356 -
399 4303 605 4377 Pistriuum
631 4304 798 4402 appellat
818 4300 1117 4397 nudissimum,
1142 4298 1230 4401 quod

103 4419 365 4519 Berueggerus
398 4421 446 4493 ad
479 4422 741 4496 crudelitatem
772 4420 925 4518 pistoris
957 4420 1000 4495 in
1026 4417 1233 4519 sesoospi·

105 4535 262 4609 storioos
294 4538 445 4628 retulit,
489 4564 564 4636 quo
600 4540 853 4636 exprobretur
885 4537 1098 4615 Octaviano
1131 4558 1234 4641 geum

104 4653 242 4727 servile
277 4660 317 4725 et
351 4657 398 4727 ab
427 4656 680 4755 ingenuorum
713 4657 898 4757 elegantia
923 4658 1105 4733 alieusun.
1155 4656 1236 4733 Eam

106 4771 458 4869 interpretationem
493 4800 563 4849 suo
595 4798 751 4851 asserasu
786 4777 1086 4873 comprobemurt
1109 4777 1237 4853 Bam
