<?xml version="1.0" encoding="UTF-8"?>
<!DOCTYPE html PUBLIC "-//W3C//DTD XHTML 1.0 Transitional//EN"
    "http://www.w3.org/TR/xhtml1/DTD/xhtml1-transitional.dtd">
<html xmlns="http://www.w3.org/1999/xhtml" xml:lang="en" lang="en">
 <head>
  <title>
</title>
<meta http-equiv="Content-Type" content="text/html;charset=utf-8" />
  <meta name='ocr-system' content='tesseract 3.04.00' />
  <meta name='ocr-capabilities' content='ocr_page ocr_carea ocr_par ocr_line ocrx_word'/>
</head>
<body>
  <div class='ocr_page' id='page_1' title='image "./deluciivariietc00weicgoog_0250.png"; bbox 0 0 2686 5236; ppageno 0'>
   <div class='ocr_carea' id='block_1_1' title="bbox 153 692 1047 771">
    <p class='ocr_par' dir='ltr' id='par_1_1' title="bbox 153 692 1047 771">
     <span class='ocr_line' id='line_1_1' title="bbox 153 692 1047 771; baseline -0.006 0"><span class='ocrx_word' id='word_1_1' title='bbox 153 692 233 771; x_wconf 77' lang='lat'><strong>228</strong></span> <span class='ocrx_word' id='word_1_2' title='bbox 483 708 724 770; x_wconf 72' lang='grc'><strong>*1111111110</strong></span> <span class='ocrx_word' id='word_1_3' title='bbox 750 716 971 769; x_wconf 74' lang='lat' dir='ltr'><strong>rannansr.</strong></span> <span class='ocrx_word' id='word_1_4' title='bbox 1045 748 1047 752; x_wconf 84' lang='grc'>-</span> 
     </span>
    </p>
   </div>
   <div class='ocr_carea' id='block_1_2' title="bbox 155 875 1308 1208">
    <p class='ocr_par' dir='ltr' id='par_1_2' title="bbox 155 875 1308 1208">
     <span class='ocr_line' id='line_1_2' title="bbox 155 875 1308 982; baseline -0.001 -26"><span class='ocrx_word' id='word_1_5' title='bbox 155 880 371 982; x_wconf 86' lang='lat' dir='ltr'><strong>promiscuo</strong></span> <span class='ocrx_word' id='word_1_6' title='bbox 404 876 583 978; x_wconf 82' lang='lat' dir='ltr'><strong>appellari</strong></span> <span class='ocrx_word' id='word_1_7' title='bbox 607 878 800 954; x_wconf 74' lang='lat' dir='ltr'><strong>Etrrrscm.</strong></span> <span class='ocrx_word' id='word_1_8' title='bbox 855 875 944 955; x_wconf 83' lang='lat' dir='ltr'><strong>Jam</strong></span> <span class='ocrx_word' id='word_1_9' title='bbox 972 877 1041 978; x_wconf 89' lang='lat' dir='ltr'><strong>qui</strong></span> <span class='ocrx_word' id='word_1_10' title='bbox 1069 875 1233 954; x_wconf 81' lang='lat' dir='ltr'><strong>Scholia</strong></span> <span class='ocrx_word' id='word_1_11' title='bbox 1258 879 1308 955; x_wconf 90' lang='lat' dir='ltr'><strong>ad</strong></span> 
     </span>
     <span class='ocr_line' id='line_1_3' title="bbox 155 998 1306 1100; baseline -0.001 -24"><span class='ocrx_word' id='word_1_12' title='bbox 155 999 269 1076; x_wconf 81' lang='lat' dir='ltr'><strong>Satir.</strong></span> <span class='ocrx_word' id='word_1_13' title='bbox 295 1002 346 1076; x_wconf 91' lang='lat' dir='ltr'><strong>X.</strong></span> <span class='ocrx_word' id='word_1_14' title='bbox 372 1026 411 1077; x_wconf 85' lang='lat' dir='ltr'><strong>v.</strong></span> <span class='ocrx_word' id='word_1_15' title='bbox 435 1000 499 1074; x_wconf 86' lang='grc'><strong>61.</strong></span> <span class='ocrx_word' id='word_1_16' title='bbox 532 999 783 1098; x_wconf 85' lang='lat' dir='ltr'><strong>scripserunt,</strong></span> <span class='ocrx_word' id='word_1_17' title='bbox 817 998 872 1073; x_wconf 88' lang='lat' dir='ltr'><strong>eis</strong></span> <span class='ocrx_word' id='word_1_18' title='bbox 897 999 1027 1100; x_wconf 86' lang='lat' dir='ltr'><strong>negari</strong></span> <span class='ocrx_word' id='word_1_19' title='bbox 1053 1001 1189 1097; x_wconf 87' lang='lat' dir='ltr'><strong>nequit</strong></span> <span class='ocrx_word' id='word_1_20' title='bbox 1216 999 1306 1075; x_wconf 86' lang='lat' dir='ltr'><strong>Cas-</strong></span> 
     </span>
     <span class='ocr_line' id='line_1_4' title="bbox 155 1117 1305 1208; baseline -0.002 -13"><span class='ocrx_word' id='word_1_21' title='bbox 155 1120 255 1195; x_wconf 85' lang='lat' dir='ltr'><strong>sium</strong></span> <span class='ocrx_word' id='word_1_22' title='bbox 289 1119 534 1194; x_wconf 89' lang='lat' dir='ltr'><strong>Parmensem</strong></span> <span class='ocrx_word' id='word_1_23' title='bbox 576 1117 697 1192; x_wconf 84' lang='lat' dir='ltr'><strong>u&#39;deri</strong></span> <span class='ocrx_word' id='word_1_24' title='bbox 735 1119 976 1192; x_wconf 72' lang='lat' dir='ltr'><strong>obversantur</strong></span> <span class='ocrx_word' id='word_1_25' title='bbox 1012 1141 1116 1208; x_wconf 82' lang='lat' dir='ltr'><strong>esse3</strong></span> <span class='ocrx_word' id='word_1_26' title='bbox 1160 1126 1202 1192; x_wconf 90' lang='lat' dir='ltr'><strong>at</strong></span> <span class='ocrx_word' id='word_1_27' title='bbox 1231 1120 1305 1193; x_wconf 88' lang='lat' dir='ltr'><strong>mi·</strong></span> 
     </span>
    </p>
   </div>
   <div class='ocr_carea' id='block_1_3' title="bbox 21 1236 1304 1341">
    <p class='ocr_par' dir='ltr' id='par_1_3' title="bbox 21 1236 1304 1341">
     <span class='ocr_line' id='line_1_5' title="bbox 21 1236 1304 1341; baseline -0.004 -25"><span class='ocrx_word' id='word_1_28' title='bbox 21 1330 27 1341; x_wconf 39' lang='grc' dir='ltr'>Ι</span> <span class='ocrx_word' id='word_1_29' title='bbox 154 1266 243 1315; x_wconf 83' lang='lat' dir='ltr'><strong>rum</strong></span> <span class='ocrx_word' id='word_1_30' title='bbox 285 1238 439 1314; x_wconf 81' lang='lat' dir='ltr'>hercule</span> <span class='ocrx_word' id='word_1_31' title='bbox 480 1244 571 1329; x_wconf 62' lang='lat' dir='ltr'><strong>est,</strong></span> <span class='ocrx_word' id='word_1_32' title='bbox 603 1238 708 1334; x_wconf 92' lang='lat' dir='ltr'><strong>quod</strong></span> <span class='ocrx_word' id='word_1_33' title='bbox 739 1236 972 1312; x_wconf 76' lang='lat' dir='ltr'><strong>scholiastae</strong></span> <span class='ocrx_word' id='word_1_34' title='bbox 1007 1237 1056 1310; x_wconf 90' lang='lat' dir='ltr'><strong>ad</strong></span> <span class='ocrx_word' id='word_1_35' title='bbox 1090 1237 1215 1336; x_wconf 82' lang='lat' dir='ltr'><strong>Epist.</strong></span> <span class='ocrx_word' id='word_1_36' title='bbox 1241 1236 1304 1311; x_wconf 84' lang='lat' dir='ltr'><strong>lv.</strong></span> 
     </span>
    </p>
   </div>
   <div class='ocr_carea' id='block_1_4' title="bbox 50 1354 1303 4421">
    <p class='ocr_par' dir='ltr' id='par_1_4' title="bbox 50 1354 1303 4421">
     <span class='ocr_line' id='line_1_6' title="bbox 153 1354 1303 1456; baseline -0.007 -19"><span class='ocrx_word' id='word_1_37' title='bbox 153 1383 193 1437; x_wconf 84' lang='lat' dir='ltr'><strong>v.</strong></span> <span class='ocrx_word' id='word_1_38' title='bbox 221 1358 257 1431; x_wconf 83' lang='lat'><strong>3.</strong></span> <span class='ocrx_word' id='word_1_39' title='bbox 269 1411 281 1452; x_wconf 93' lang='lat'><strong>,</strong></span> <span class='ocrx_word' id='word_1_40' title='bbox 316 1357 487 1456; x_wconf 83' lang='lat' dir='ltr'><strong>quamvis</strong></span> <span class='ocrx_word' id='word_1_41' title='bbox 518 1366 689 1430; x_wconf 76' lang='lat' dir='ltr'><strong>accruate</strong></span> <span class='ocrx_word' id='word_1_42' title='bbox 721 1363 760 1430; x_wconf 90' lang='lat' dir='ltr'><strong>et</strong></span> <span class='ocrx_word' id='word_1_43' title='bbox 794 1355 946 1453; x_wconf 79' lang='lat' dir='ltr'><strong>copiose</strong></span> <span class='ocrx_word' id='word_1_44' title='bbox 979 1355 1028 1430; x_wconf 93' lang='lat' dir='ltr'><strong>de</strong></span> <span class='ocrx_word' id='word_1_45' title='bbox 1054 1354 1187 1430; x_wconf 84' lang='lat' dir='ltr'><strong>Cassio</strong></span> <span class='ocrx_word' id='word_1_46' title='bbox 1213 1354 1303 1429; x_wconf 87' lang='lat' dir='ltr'><strong>Par-</strong></span> 
     </span>
     <span class='ocr_line' id='line_1_7' title="bbox 153 1471 1302 1575; baseline -0.002 -24"><span class='ocrx_word' id='word_1_47' title='bbox 153 1477 276 1552; x_wconf 89' lang='lat' dir='ltr'><strong>mensi</strong></span> <span class='ocrx_word' id='word_1_48' title='bbox 300 1483 514 1575; x_wconf 82' lang='lat' dir='ltr'><strong>exponant,</strong></span> <span class='ocrx_word' id='word_1_49' title='bbox 549 1475 644 1547; x_wconf 86' lang='lat' dir='ltr'><strong>nihil</strong></span> <span class='ocrx_word' id='word_1_50' title='bbox 668 1482 917 1566; x_wconf 89' lang='lat' dir='ltr'><strong>monuerunt,</strong></span> <span class='ocrx_word' id='word_1_51' title='bbox 954 1471 1057 1547; x_wconf 92' lang='lat' dir='ltr'><strong>hunc</strong></span> <span class='ocrx_word' id='word_1_52' title='bbox 1083 1497 1171 1549; x_wconf 86' lang='lat' dir='ltr'><strong>esse</strong></span> <span class='ocrx_word' id='word_1_53' title='bbox 1197 1497 1302 1549; x_wconf 82' lang='lat' dir='ltr'><strong>eum-</strong></span> 
     </span>
     <span class='ocr_line' id='line_1_8' title="bbox 156 1592 1302 1694; baseline -0.004 -23"><span class='ocrx_word' id='word_1_54' title='bbox 156 1598 264 1690; x_wconf 90' lang='lat' dir='ltr'><strong>dem,</strong></span> <span class='ocrx_word' id='word_1_55' title='bbox 300 1595 366 1694; x_wconf 85' lang='lat' dir='ltr'><strong>qui</strong></span> <span class='ocrx_word' id='word_1_56' title='bbox 401 1594 474 1668; x_wconf 89' lang='lat' dir='ltr'><strong>alio</strong></span> <span class='ocrx_word' id='word_1_57' title='bbox 509 1592 594 1668; x_wconf 91' lang='lat' dir='ltr'><strong>loco</strong></span> <span class='ocrx_word' id='word_1_58' title='bbox 628 1594 676 1666; x_wconf 89' lang='lat' dir='ltr'><strong>ab</strong></span> <span class='ocrx_word' id='word_1_59' title='bbox 701 1592 858 1666; x_wconf 85' lang='lat' dir='ltr'><strong>Horatio</strong></span> <span class='ocrx_word' id='word_1_60' title='bbox 890 1592 1182 1692; x_wconf 87' lang='lat' dir='ltr'><strong>cognominatus</strong></span> <span class='ocrx_word' id='word_1_61' title='bbox 1208 1599 1302 1668; x_wconf 86' lang='lat' dir='ltr'><strong>esset</strong></span> 
     </span>
     <span class='ocr_line' id='line_1_9' title="bbox 154 1709 1301 1812; baseline -0.004 -23"><span class='ocrx_word' id='word_1_62' title='bbox 154 1713 347 1789; x_wconf 82' lang='lat' dir='ltr'><strong>Etnrsous.</strong></span> <span class='ocrx_word' id='word_1_63' title='bbox 405 1712 500 1786; x_wconf 90' lang='lat' dir='ltr'><strong>Inde</strong></span> <span class='ocrx_word' id='word_1_64' title='bbox 536 1712 636 1785; x_wconf 89' lang='lat' dir='ltr'><strong>haud</strong></span> <span class='ocrx_word' id='word_1_65' title='bbox 667 1717 813 1785; x_wconf 87' lang='lat' dir='ltr'><strong>temere</strong></span> <span class='ocrx_word' id='word_1_66' title='bbox 845 1711 954 1785; x_wconf 90' lang='lat' dir='ltr'><strong>nobis</strong></span> <span class='ocrx_word' id='word_1_67' title='bbox 980 1711 1159 1786; x_wconf 87' lang='lat' dir='ltr'><strong>videmur</strong></span> <span class='ocrx_word' id='word_1_68' title='bbox 1186 1709 1301 1812; x_wconf 85' lang='lat' dir='ltr'><strong>conji·</strong></span> 
     </span>
     <span class='ocr_line' id='line_1_10' title="bbox 154 1827 1301 1929; baseline -0.005 -20"><span class='ocrx_word' id='word_1_69' title='bbox 154 1857 265 1929; x_wconf 88' lang='lat' dir='ltr'><strong>cere,</strong></span> <span class='ocrx_word' id='word_1_70' title='bbox 298 1834 367 1907; x_wconf 88' lang='lat' dir='ltr'><strong>ista</strong></span> <span class='ocrx_word' id='word_1_71' title='bbox 393 1832 441 1904; x_wconf 91' lang='lat' dir='ltr'><strong>de</strong></span> <span class='ocrx_word' id='word_1_72' title='bbox 468 1827 595 1904; x_wconf 85' lang='lat' dir='ltr'><strong>Cassio</strong></span> <span class='ocrx_word' id='word_1_73' title='bbox 620 1828 802 1924; x_wconf 80' lang='lat' dir='ltr'><strong>Etmsco,</strong></span> <span class='ocrx_word' id='word_1_74' title='bbox 836 1830 901 1928; x_wconf 91' lang='lat' dir='ltr'><strong>qui</strong></span> <span class='ocrx_word' id='word_1_75' title='bbox 933 1830 1039 1903; x_wconf 89' lang='lat' dir='ltr'><strong>idem</strong></span> <span class='ocrx_word' id='word_1_76' title='bbox 1063 1831 1115 1903; x_wconf 83' lang='lat' dir='ltr'><strong>sit</strong></span> <span class='ocrx_word' id='word_1_77' title='bbox 1139 1854 1188 1905; x_wconf 93' lang='lat' dir='ltr'><strong>ac</strong></span> <span class='ocrx_word' id='word_1_78' title='bbox 1211 1830 1301 1903; x_wconf 85' lang='lat' dir='ltr'><strong>Par-</strong></span> 
     </span>
     <span class='ocr_line' id='line_1_11' title="bbox 80 1948 1301 2048; baseline -0.005 -19"><span class='ocrx_word' id='word_1_79' title='bbox 80 1957 86 1967; x_wconf 83' lang='lat'><em>&#39;</em></span> <span class='ocrx_word' id='word_1_80' title='bbox 154 1952 317 2045; x_wconf 87' lang='lat' dir='ltr'><strong>mensis,</strong></span> <span class='ocrx_word' id='word_1_81' title='bbox 352 1975 430 2024; x_wconf 93' lang='lat' dir='ltr'><strong>non</strong></span> <span class='ocrx_word' id='word_1_82' title='bbox 455 1948 626 2048; x_wconf 84' lang='lat' dir='ltr'><strong>profecta</strong></span> <span class='ocrx_word' id='word_1_83' title='bbox 650 1972 733 2022; x_wconf 86' lang='lat' dir='ltr'><strong>esse</strong></span> <span class='ocrx_word' id='word_1_84' title='bbox 758 1949 807 2023; x_wconf 91' lang='lat' dir='ltr'><strong>ab</strong></span> <span class='ocrx_word' id='word_1_85' title='bbox 833 1949 997 2023; x_wconf 82' lang='lat' dir='ltr'><strong>Acrone.</strong></span> <span class='ocrx_word' id='word_1_86' title='bbox 1047 1948 1301 2024; x_wconf 86' lang='lat' dir='ltr'><strong>Praetereaa</strong></span> 
     </span>
     <span class='ocr_line' id='line_1_12' title="bbox 154 2068 1301 2168; baseline -0.003 -23"><span class='ocrx_word' id='word_1_87' title='bbox 154 2071 266 2147; x_wconf 86' lang='lat' dir='ltr'><strong>nohis</strong></span> <span class='ocrx_word' id='word_1_88' title='bbox 299 2092 415 2168; x_wconf 84' lang='lat' dir='ltr'><strong>supra</strong></span> <span class='ocrx_word' id='word_1_89' title='bbox 449 2070 747 2142; x_wconf 81' lang='lat' dir='ltr'><strong>demonstratmn</strong></span> <span class='ocrx_word' id='word_1_90' title='bbox 780 2076 855 2161; x_wconf 86' lang='lat' dir='ltr'><strong>est,</strong></span> <span class='ocrx_word' id='word_1_91' title='bbox 891 2091 1009 2165; x_wconf 88' lang='lat' dir='ltr'><strong>quam</strong></span> <span class='ocrx_word' id='word_1_92' title='bbox 1034 2068 1155 2142; x_wconf 88' lang='lat' dir='ltr'><strong>dubia</strong></span> <span class='ocrx_word' id='word_1_93' title='bbox 1182 2076 1221 2142; x_wconf 88' lang='lat' dir='ltr'><strong>et</strong></span> <span class='ocrx_word' id='word_1_94' title='bbox 1244 2068 1301 2141; x_wconf 72' lang='grc'><strong>111·</strong></span> 
     </span>
     <span class='ocr_line' id='line_1_13' title="bbox 154 2185 1301 2286; baseline -0.003 -22"><span class='ocrx_word' id='word_1_95' title='bbox 154 2197 257 2265; x_wconf 89' lang='lat' dir='ltr'><strong>certa</strong></span> <span class='ocrx_word' id='word_1_96' title='bbox 281 2189 328 2263; x_wconf 88' lang='lat' dir='ltr'><strong>sit</strong></span> <span class='ocrx_word' id='word_1_97' title='bbox 350 2187 506 2260; x_wconf 82' lang='lat' dir='ltr'><strong>Etmsca</strong></span> <span class='ocrx_word' id='word_1_98' title='bbox 530 2185 690 2259; x_wconf 88' lang='lat' dir='ltr'><strong>Parmae</strong></span> <span class='ocrx_word' id='word_1_99' title='bbox 724 2186 845 2286; x_wconf 85' lang='lat' dir='ltr'><strong>origo.</strong></span> <span class='ocrx_word' id='word_1_100' title='bbox 905 2185 954 2260; x_wconf 88' lang='lat' dir='ltr'><strong>Et</strong></span> <span class='ocrx_word' id='word_1_101' title='bbox 985 2186 1134 2261; x_wconf 84' lang='lat' dir='ltr'><strong>etiamsi</strong></span> <span class='ocrx_word' id='word_1_102' title='bbox 1169 2209 1301 2263; x_wconf 86' lang='lat' dir='ltr'><strong>verum</strong></span> 
     </span>
     <span class='ocr_line' id='line_1_14' title="bbox 154 2304 1300 2402; baseline -0.003 -19"><span class='ocrx_word' id='word_1_103' title='bbox 154 2315 253 2383; x_wconf 86' lang='lat' dir='ltr'><strong>esset</strong></span> <span class='ocrx_word' id='word_1_104' title='bbox 278 2330 323 2381; x_wconf 87' lang='lat' dir='ltr'><strong>ac</strong></span> <span class='ocrx_word' id='word_1_105' title='bbox 346 2306 423 2379; x_wconf 86' lang='lat' dir='ltr'><strong>tide</strong></span> <span class='ocrx_word' id='word_1_106' title='bbox 440 2304 666 2401; x_wconf 82' lang='lat' dir='ltr'><strong>scriptorum</strong></span> <span class='ocrx_word' id='word_1_107' title='bbox 682 2307 990 2402; x_wconf 77' lang='lat' dir='ltr'><strong>comprobatrnn,</strong></span> <span class='ocrx_word' id='word_1_108' title='bbox 1016 2305 1198 2379; x_wconf 89' lang='lat' dir='ltr'><strong>Parmam</strong></span> <span class='ocrx_word' id='word_1_109' title='bbox 1211 2304 1300 2379; x_wconf 88' lang='lat' dir='ltr'><strong>olim</strong></span> 
     </span>
     <span class='ocr_line' id='line_1_15' title="bbox 153 2421 1300 2527; baseline 0 -30"><span class='ocrx_word' id='word_1_110' title='bbox 153 2425 377 2527; x_wconf 74' lang='lat' dir='ltr'><strong>pertinuisse</strong></span> <span class='ocrx_word' id='word_1_111' title='bbox 402 2423 451 2497; x_wconf 89' lang='lat' dir='ltr'><strong>ad</strong></span> <span class='ocrx_word' id='word_1_112' title='bbox 475 2421 688 2516; x_wconf 82' lang='lat' dir='ltr'><strong>Etnniam,</strong></span> <span class='ocrx_word' id='word_1_113' title='bbox 722 2430 851 2497; x_wconf 88' lang='lat' dir='ltr'><strong>tamen</strong></span> <span class='ocrx_word' id='word_1_114' title='bbox 885 2448 963 2498; x_wconf 92' lang='lat' dir='ltr'><strong>non</strong></span> <span class='ocrx_word' id='word_1_115' title='bbox 996 2429 1099 2497; x_wconf 88' lang='lat' dir='ltr'><strong>tanta</strong></span> <span class='ocrx_word' id='word_1_116' title='bbox 1124 2424 1217 2499; x_wconf 91' lang='lat' dir='ltr'><strong>inde</strong></span> <span class='ocrx_word' id='word_1_117' title='bbox 1242 2424 1300 2497; x_wconf 86' lang='lat' dir='ltr'><strong>isti</strong></span> 
     </span>
     <span class='ocr_line' id='line_1_16' title="bbox 154 2542 1299 2643; baseline -0.002 -24"><span class='ocrx_word' id='word_1_118' title='bbox 154 2544 362 2621; x_wconf 83' lang='lat' dir='ltr'><strong>sententiae</strong></span> <span class='ocrx_word' id='word_1_119' title='bbox 395 2543 578 2617; x_wconf 87' lang='lat' dir='ltr'><strong>accedero</strong></span> <span class='ocrx_word' id='word_1_120' title='bbox 610 2547 734 2639; x_wconf 80' lang='lat' dir='ltr'><strong>potest</strong></span> <span class='ocrx_word' id='word_1_121' title='bbox 766 2544 985 2636; x_wconf 86' lang='lat' dir='ltr'><strong>auotoritas,</strong></span> <span class='ocrx_word' id='word_1_122' title='bbox 1021 2551 1163 2639; x_wconf 77' lang='lat' dir='ltr'><strong>qrranta</strong></span> <span class='ocrx_word' id='word_1_123' title='bbox 1188 2542 1299 2643; x_wconf 84' lang='lat' dir='ltr'><strong>vulgo</strong></span> 
     </span>
     <span class='ocr_line' id='line_1_17' title="bbox 152 2658 1300 2765; baseline -0.003 -27"><span class='ocrx_word' id='word_1_124' title='bbox 152 2672 323 2765; x_wconf 71' lang='lat' dir='ltr'><strong>putatia,</strong></span> <span class='ocrx_word' id='word_1_125' title='bbox 350 2670 391 2735; x_wconf 88' lang='lat' dir='ltr'><strong>ut</strong></span> <span class='ocrx_word' id='word_1_126' title='bbox 415 2658 494 2761; x_wconf 88' lang='lat' dir='ltr'><strong>jam</strong></span> <span class='ocrx_word' id='word_1_127' title='bbox 519 2661 715 2734; x_wconf 83' lang='lat' dir='ltr'><strong>admonuit</strong></span> <span class='ocrx_word' id='word_1_128' title='bbox 741 2658 845 2759; x_wconf 83' lang='lat' dir='ltr'><strong>Scip.</strong></span> <span class='ocrx_word' id='word_1_129' title='bbox 871 2658 1057 2760; x_wconf 85' lang='lat' dir='ltr'><strong>Maffejus.</strong></span> <span class='ocrx_word' id='word_1_130' title='bbox 1109 2662 1151 2736; x_wconf 90' lang='lat' dir='ltr'><strong>Is</strong></span> <span class='ocrx_word' id='word_1_131' title='bbox 1176 2669 1300 2736; x_wconf 88' lang='lat' dir='ltr'><strong>autem</strong></span> 
     </span>
     <span class='ocr_line' id='line_1_18' title="bbox 155 2775 1299 2884; baseline -0.003 -27"><span class='ocrx_word' id='word_1_132' title='bbox 155 2775 276 2884; x_wconf 72' lang='lat' dir='ltr'><strong>qutun</strong></span> <span class='ocrx_word' id='word_1_133' title='bbox 300 2789 431 2883; x_wconf 83' lang='lat' dir='ltr'><strong>negat,</strong></span> <span class='ocrx_word' id='word_1_134' title='bbox 465 2777 627 2853; x_wconf 76' lang='lat' dir='ltr'><strong>Etrusci</strong></span> <span class='ocrx_word' id='word_1_135' title='bbox 655 2802 799 2852; x_wconf 88' lang='lat' dir='ltr'><strong>nomen</strong></span> <span class='ocrx_word' id='word_1_136' title='bbox 833 2804 855 2852; x_wconf 92' lang='lat' dir='ltr'><strong>a</strong></span> <span class='ocrx_word' id='word_1_137' title='bbox 880 2788 1001 2873; x_wconf 89' lang='lat' dir='ltr'><strong>terra,</strong></span> <span class='ocrx_word' id='word_1_138' title='bbox 1040 2804 1161 2878; x_wconf 88' lang='lat' dir='ltr'><strong>quam</strong></span> <span class='ocrx_word' id='word_1_139' title='bbox 1187 2781 1299 2857; x_wconf 88' lang='lat' dir='ltr'><strong>Tusci</strong></span> 
     </span>
     <span class='ocr_line' id='line_1_19' title="bbox 153 2896 1298 3000; baseline -0.002 -24"><span class='ocrx_word' id='word_1_140' title='bbox 153 2902 421 2991; x_wconf 81' lang='lat' dir='ltr'><strong>obtinuissent,</strong></span> <span class='ocrx_word' id='word_1_141' title='bbox 466 2905 700 2996; x_wconf 79' lang='lat' dir='ltr'><strong>assrunptum</strong></span> <span class='ocrx_word' id='word_1_142' title='bbox 732 2897 878 2971; x_wconf 82' lang='lat' dir='ltr'><strong>Horatii</strong></span> <span class='ocrx_word' id='word_1_143' title='bbox 911 2905 1032 2973; x_wconf 88' lang='lat' dir='ltr'><strong>aetate</strong></span> <span class='ocrx_word' id='word_1_144' title='bbox 1057 2896 1139 3000; x_wconf 86' lang='lat' dir='ltr'><strong>jam</strong></span> <span class='ocrx_word' id='word_1_145' title='bbox 1164 2901 1206 2974; x_wconf 91' lang='lat' dir='ltr'><strong>in</strong></span> <span class='ocrx_word' id='word_1_146' title='bbox 1230 2923 1298 2974; x_wconf 85' lang='lat' dir='ltr'><strong>usu</strong></span> 
     </span>
     <span class='ocr_line' id='line_1_20' title="bbox 151 3014 1299 3113; baseline -0.001 -19"><span class='ocrx_word' id='word_1_147' title='bbox 151 3020 292 3113; x_wconf 73' lang='lat' dir='ltr'><strong>finisse,</strong></span> <span class='ocrx_word' id='word_1_148' title='bbox 327 3041 484 3109; x_wconf 85' lang='lat' dir='ltr'><strong>vereor,</strong></span> <span class='ocrx_word' id='word_1_149' title='bbox 511 3026 553 3089; x_wconf 93' lang='lat' dir='ltr'><strong>ut</strong></span> <span class='ocrx_word' id='word_1_150' title='bbox 578 3040 713 3091; x_wconf 82' lang='lat' dir='ltr'><strong>vorrun</strong></span> <span class='ocrx_word' id='word_1_151' title='bbox 737 3015 884 3090; x_wconf 86' lang='lat' dir='ltr'><strong>viderit.</strong></span> <span class='ocrx_word' id='word_1_152' title='bbox 936 3014 1051 3112; x_wconf 88' lang='lat' dir='ltr'><strong>Nam,</strong></span> <span class='ocrx_word' id='word_1_153' title='bbox 1077 3018 1169 3092; x_wconf 90' lang='lat' dir='ltr'><strong>licet</strong></span> <span class='ocrx_word' id='word_1_154' title='bbox 1187 3042 1299 3093; x_wconf 81' lang='lat' dir='ltr'><strong>voca·</strong></span> 
     </span>
     <span class='ocr_line' id='line_1_21' title="bbox 151 3136 1297 3233; baseline -0.001 -21"><span class='ocrx_word' id='word_1_155' title='bbox 151 3139 285 3213; x_wconf 87' lang='lat' dir='ltr'><strong>bulum</strong></span> <span class='ocrx_word' id='word_1_156' title='bbox 316 3137 567 3226; x_wconf 72' lang='lat' dir='ltr'><strong>„Errusccs“</strong></span> <span class='ocrx_word' id='word_1_157' title='bbox 599 3160 670 3232; x_wconf 85' lang='lat' dir='ltr'><strong>pro</strong></span> <span class='ocrx_word' id='word_1_158' title='bbox 703 3139 917 3228; x_wconf 54' lang='grc' dir='ltr'><strong>,β’-11111111(</strong></span> <span class='ocrx_word' id='word_1_159' title='bbox 947 3146 1033 3233; x_wconf 90' lang='lat' dir='ltr'><strong>post</strong></span> <span class='ocrx_word' id='word_1_160' title='bbox 1067 3136 1121 3208; x_wconf 88' lang='lat' dir='ltr'><strong>M.</strong></span> <span class='ocrx_word' id='word_1_161' title='bbox 1148 3136 1297 3212; x_wconf 84' lang='lat' dir='ltr'><strong>Catonis</strong></span> 
     </span>
     <span class='ocr_line' id='line_1_22' title="bbox 152 3254 1296 3353; baseline -0.001 -23"><span class='ocrx_word' id='word_1_162' title='bbox 152 3264 326 3353; x_wconf 88' lang='lat' dir='ltr'><strong>tempora</strong></span> <span class='ocrx_word' id='word_1_163' title='bbox 354 3256 511 3327; x_wconf 83' lang='lat' dir='ltr'><strong>demum</strong></span> <span class='ocrx_word' id='word_1_164' title='bbox 545 3254 720 3351; x_wconf 83' lang='lat' dir='ltr'><strong>usurpari</strong></span> <span class='ocrx_word' id='word_1_165' title='bbox 755 3260 933 3351; x_wconf 78' lang='lat' dir='ltr'><strong>coeptrun</strong></span> <span class='ocrx_word' id='word_1_166' title='bbox 967 3255 1034 3348; x_wconf 88' lang='lat' dir='ltr'><strong>sit,</strong></span> <span class='ocrx_word' id='word_1_167' title='bbox 1071 3256 1296 3332; x_wconf 84' lang='lat' dir='ltr'><strong>observante</strong></span> 
     </span>
     <span class='ocr_line' id='line_1_23' title="bbox 101 3370 1295 3471; baseline 0 -22"><span class='ocrx_word' id='word_1_168' title='bbox 101 3384 111 3393; x_wconf 84' lang='lat'>&#39;</span> <span class='ocrx_word' id='word_1_169' title='bbox 151 3373 360 3449; x_wconf 87' lang='lat' dir='ltr'><strong>Niebuhrio</strong></span> <span class='ocrx_word' id='word_1_170' title='bbox 402 3374 443 3446; x_wconf 89' lang='lat' dir='ltr'><strong>in</strong></span> <span class='ocrx_word' id='word_1_171' title='bbox 475 3373 613 3447; x_wconf 86' lang='lat' dir='ltr'><strong>Histor.</strong></span> <span class='ocrx_word' id='word_1_172' title='bbox 648 3373 759 3446; x_wconf 88' lang='lat' dir='ltr'><strong>Rom.</strong></span> <span class='ocrx_word' id='word_1_173' title='bbox 796 3372 845 3444; x_wconf 88' lang='lat' dir='ltr'><strong>T.</strong></span> <span class='ocrx_word' id='word_1_174' title='bbox 876 3370 908 3444; x_wconf 91' lang='grc' dir='ltr'><strong>Ι.</strong></span> <span class='ocrx_word' id='word_1_175' title='bbox 943 3399 983 3471; x_wconf 89' lang='lat' dir='ltr'><strong>p.</strong></span> <span class='ocrx_word' id='word_1_176' title='bbox 1016 3375 1102 3448; x_wconf 82' lang='grc'><strong>113.</strong></span> <span class='ocrx_word' id='word_1_177' title='bbox 1138 3378 1202 3449; x_wconf 90' lang='lat' dir='ltr'><strong>ed.</strong></span> <span class='ocrx_word' id='word_1_178' title='bbox 1239 3379 1295 3465; x_wconf 86' lang='lat'><strong>2.;</strong></span> 
     </span>
     <span class='ocr_line' id='line_1_24' title="bbox 152 3489 1300 3590; baseline 0.002 -24"><span class='ocrx_word' id='word_1_179' title='bbox 152 3500 278 3567; x_wconf 83' lang='lat' dir='ltr'><strong>tamen</strong></span> <span class='ocrx_word' id='word_1_180' title='bbox 303 3491 479 3566; x_wconf 81' lang='lat' dir='ltr'><strong>Horatius</strong></span> <span class='ocrx_word' id='word_1_181' title='bbox 505 3492 553 3563; x_wconf 93' lang='lat' dir='ltr'><strong>ad</strong></span> <span class='ocrx_word' id='word_1_182' title='bbox 579 3490 854 3590; x_wconf 73' lang='lat' dir='ltr'><strong>designandum</strong></span> <span class='ocrx_word' id='word_1_183' title='bbox 878 3489 1075 3565; x_wconf 89' lang='lat' dir='ltr'><strong>hominem</strong></span> <span class='ocrx_word' id='word_1_184' title='bbox 1090 3493 1132 3566; x_wconf 92' lang='lat' dir='ltr'><strong>in</strong></span> <span class='ocrx_word' id='word_1_185' title='bbox 1150 3493 1300 3568; x_wconf 82' lang='lat' dir='ltr'><strong>Etruria</strong></span> 
     </span>
     <span class='ocr_line' id='line_1_25' title="bbox 56 3598 1297 3712; baseline 0.001 -28"><span class='ocrx_word' id='word_1_186' title='bbox 56 3612 61 3621; x_wconf 83' lang='lat'>&#39;</span> <span class='ocrx_word' id='word_1_187' title='bbox 150 3618 282 3685; x_wconf 83' lang='lat' dir='ltr'><strong>natrun</strong></span> <span class='ocrx_word' id='word_1_188' title='bbox 306 3611 372 3685; x_wconf 89' lang='lat' dir='ltr'><strong>illc</strong></span> <span class='ocrx_word' id='word_1_189' title='bbox 399 3611 452 3682; x_wconf 89' lang='lat' dir='ltr'><strong>uti</strong></span> <span class='ocrx_word' id='word_1_190' title='bbox 476 3610 609 3708; x_wconf 86' lang='lat' dir='ltr'><strong>potuit.</strong></span> <span class='ocrx_word' id='word_1_191' title='bbox 661 3609 718 3683; x_wconf 84' lang='lat' dir='ltr'><strong>Ac</strong></span> <span class='ocrx_word' id='word_1_192' title='bbox 743 3634 864 3706; x_wconf 88' lang='lat' dir='ltr'><strong>quum</strong></span> <span class='ocrx_word' id='word_1_193' title='bbox 890 3610 993 3684; x_wconf 89' lang='lat' dir='ltr'><strong>idem</strong></span> <span class='ocrx_word' id='word_1_194' title='bbox 1010 3608 1185 3712; x_wconf 84' lang='lat' dir='ltr'><strong>Maffejus</strong></span> <span class='ocrx_word' id='word_1_195' title='bbox 1208 3598 1297 3687; x_wconf 85' lang='lat' dir='ltr'><strong>con-</strong></span> 
     </span>
     <span class='ocr_line' id='line_1_26' title="bbox 150 3728 1299 3830; baseline 0.002 -27"><span class='ocrx_word' id='word_1_196' title='bbox 150 3730 293 3822; x_wconf 89' lang='lat' dir='ltr'><strong>tendit,</strong></span> <span class='ocrx_word' id='word_1_197' title='bbox 330 3730 548 3803; x_wconf 85' lang='lat' dir='ltr'><strong>natalicirnn</strong></span> <span class='ocrx_word' id='word_1_198' title='bbox 581 3752 725 3802; x_wconf 86' lang='lat' dir='ltr'><strong>nomen</strong></span> <span class='ocrx_word' id='word_1_199' title='bbox 757 3728 903 3800; x_wconf 90' lang='lat' dir='ltr'><strong>nemini</strong></span> <span class='ocrx_word' id='word_1_200' title='bbox 936 3728 1115 3826; x_wconf 72' lang='lat' dir='ltr'><strong>cuiruram</strong></span> <span class='ocrx_word' id='word_1_201' title='bbox 1140 3730 1299 3830; x_wconf 85' lang='lat' dir='ltr'><strong>imposi-</strong></span> 
     </span>
     <span class='ocr_line' id='line_1_27' title="bbox 150 3848 1297 3947; baseline -0.001 -23"><span class='ocrx_word' id='word_1_202' title='bbox 150 3858 232 3924; x_wconf 90' lang='lat' dir='ltr'><strong>tum</strong></span> <span class='ocrx_word' id='word_1_203' title='bbox 257 3873 340 3924; x_wconf 87' lang='lat' dir='ltr'><strong>esse</strong></span> <span class='ocrx_word' id='word_1_204' title='bbox 366 3874 388 3922; x_wconf 91' lang='lat' dir='ltr'><strong>a</strong></span> <span class='ocrx_word' id='word_1_205' title='bbox 413 3858 516 3922; x_wconf 90' lang='lat' dir='ltr'><strong>terra</strong></span> <span class='ocrx_word' id='word_1_206' title='bbox 540 3848 679 3947; x_wconf 87' lang='lat' dir='ltr'><strong>patria,</strong></span> <span class='ocrx_word' id='word_1_207' title='bbox 706 3848 772 3922; x_wconf 89' lang='lat' dir='ltr'><strong>sed</strong></span> <span class='ocrx_word' id='word_1_208' title='bbox 798 3848 846 3920; x_wconf 86' lang='lat' dir='ltr'><strong>ab</strong></span> <span class='ocrx_word' id='word_1_209' title='bbox 866 3848 983 3940; x_wconf 84' lang='lat' dir='ltr'><strong>urbe,</strong></span> <span class='ocrx_word' id='word_1_210' title='bbox 1016 3848 1059 3920; x_wconf 91' lang='lat' dir='ltr'><strong>in</strong></span> <span class='ocrx_word' id='word_1_211' title='bbox 1082 3872 1161 3946; x_wconf 90' lang='lat' dir='ltr'><strong>qua</strong></span> <span class='ocrx_word' id='word_1_212' title='bbox 1187 3856 1297 3923; x_wconf 73' lang='lat' dir='ltr'><strong>natira</strong></span> 
     </span>
     <span class='ocr_line' id='line_1_28' title="bbox 150 3966 1298 4066; baseline -0.002 -23"><span class='ocrx_word' id='word_1_213' title='bbox 150 3975 267 4062; x_wconf 85' lang='lat' dir='ltr'><strong>esset,</strong></span> <span class='ocrx_word' id='word_1_214' title='bbox 295 3976 359 4041; x_wconf 87' lang='lat' dir='ltr'><strong>aut</strong></span> <span class='ocrx_word' id='word_1_215' title='bbox 381 3967 474 4065; x_wconf 86' lang='lat' dir='ltr'><strong>quid</strong></span> <span class='ocrx_word' id='word_1_216' title='bbox 495 3966 666 4057; x_wconf 88' lang='lat' dir='ltr'><strong>sentiret,</strong></span> <span class='ocrx_word' id='word_1_217' title='bbox 693 3990 772 4040; x_wconf 92' lang='lat' dir='ltr'><strong>non</strong></span> <span class='ocrx_word' id='word_1_218' title='bbox 795 3967 882 4040; x_wconf 87' lang='lat' dir='ltr'><strong>satis</strong></span> <span class='ocrx_word' id='word_1_219' title='bbox 903 3966 1105 4065; x_wconf 86' lang='lat' dir='ltr'><strong>perspicue</strong></span> <span class='ocrx_word' id='word_1_220' title='bbox 1127 3968 1298 4066; x_wconf 86' lang='lat' dir='ltr'><strong>explica·</strong></span> 
     </span>
     <span class='ocr_line' id='line_1_29' title="bbox 50 4083 1297 4186; baseline -0.002 -24"><span class='ocrx_word' id='word_1_221' title='bbox 50 4164 54 4173; x_wconf 77' lang='grc'><strong>,</strong></span> <span class='ocrx_word' id='word_1_222' title='bbox 149 4086 216 4179; x_wconf 82' lang='lat' dir='ltr'><strong>vit,</strong></span> <span class='ocrx_word' id='word_1_223' title='bbox 242 4094 305 4159; x_wconf 88' lang='lat' dir='ltr'><strong>aut</strong></span> <span class='ocrx_word' id='word_1_224' title='bbox 329 4110 401 4186; x_wconf 87' lang='lat' dir='ltr'><strong>per</strong></span> <span class='ocrx_word' id='word_1_225' title='bbox 422 4111 593 4161; x_wconf 89' lang='lat' dir='ltr'><strong>errorem</strong></span> <span class='ocrx_word' id='word_1_226' title='bbox 611 4085 736 4183; x_wconf 87' lang='lat' dir='ltr'><strong>lapsus</strong></span> <span class='ocrx_word' id='word_1_227' title='bbox 757 4091 829 4159; x_wconf 86' lang='lat' dir='ltr'><strong>est.</strong></span> <span class='ocrx_word' id='word_1_228' title='bbox 881 4083 988 4177; x_wconf 91' lang='lat' dir='ltr'><strong>Nam,</strong></span> <span class='ocrx_word' id='word_1_229' title='bbox 1018 4091 1062 4156; x_wconf 93' lang='lat' dir='ltr'><strong>ut</strong></span> <span class='ocrx_word' id='word_1_230' title='bbox 1085 4109 1155 4159; x_wconf 87' lang='lat' dir='ltr'><strong>eos</strong></span> <span class='ocrx_word' id='word_1_231' title='bbox 1179 4094 1297 4160; x_wconf 84' lang='lat' dir='ltr'><strong>trans-</strong></span> 
     </span>
     <span class='ocr_line' id='line_1_30' title="bbox 149 4201 1295 4304; baseline -0.001 -26"><span class='ocrx_word' id='word_1_232' title='bbox 149 4226 256 4299; x_wconf 87' lang='lat' dir='ltr'><strong>eam,</strong></span> <span class='ocrx_word' id='word_1_233' title='bbox 287 4205 354 4302; x_wconf 85' lang='lat' dir='ltr'><strong>qui</strong></span> <span class='ocrx_word' id='word_1_234' title='bbox 387 4206 497 4280; x_wconf 86' lang='lat' dir='ltr'><strong>nobis</strong></span> <span class='ocrx_word' id='word_1_235' title='bbox 526 4203 655 4293; x_wconf 77' lang='lat' dir='ltr'><strong>Galli,</strong></span> <span class='ocrx_word' id='word_1_236' title='bbox 689 4201 840 4293; x_wconf 75' lang='lat' dir='ltr'><strong>Marsi,</strong></span> <span class='ocrx_word' id='word_1_237' title='bbox 875 4201 980 4301; x_wconf 78' lang='lat' dir='ltr'><strong>Afri</strong></span> <span class='ocrx_word' id='word_1_238' title='bbox 1006 4204 1295 4304; x_wconf 82' lang='lat' dir='ltr'><strong>cognominibru</strong></span> 
     </span>
     <span class='ocr_line' id='line_1_31' title="bbox 148 4320 1295 4421; baseline 0.001 -25"><span class='ocrx_word' id='word_1_239' title='bbox 148 4322 465 4421; x_wconf 50' lang='lat' dir='ltr'><strong>irmotneruntit),</strong></span> <span class='ocrx_word' id='word_1_240' title='bbox 507 4324 561 4399; x_wconf 88' lang='lat' dir='ltr'><strong>sic</strong></span> <span class='ocrx_word' id='word_1_241' title='bbox 596 4324 682 4416; x_wconf 90' lang='lat' dir='ltr'><strong>ille,</strong></span> <span class='ocrx_word' id='word_1_242' title='bbox 727 4322 794 4420; x_wconf 88' lang='lat' dir='ltr'><strong>qui</strong></span> <span class='ocrx_word' id='word_1_243' title='bbox 836 4322 938 4421; x_wconf 85' lang='lat' dir='ltr'><strong>apud</strong></span> <span class='ocrx_word' id='word_1_244' title='bbox 969 4320 1221 4399; x_wconf 86' lang='lat' dir='ltr'><strong>Plutarchum</strong></span> <span class='ocrx_word' id='word_1_245' title='bbox 1258 4326 1295 4397; x_wconf 91' lang='lat' dir='ltr'><strong>in</strong></span> 
     </span>
    </p>
   </div>
   <div class='ocr_carea' id='block_1_5' title="bbox 16 4437 1295 4543">
    <p class='ocr_par' dir='ltr' id='par_1_5' title="bbox 16 4437 1295 4543">
     <span class='ocr_line' id='line_1_32' title="bbox 16 4437 1295 4543; baseline 0.003 -30"><span class='ocrx_word' id='word_1_246' title='bbox 16 4492 19 4497; x_wconf 89' lang='lat'>-</span> <span class='ocrx_word' id='word_1_247' title='bbox 149 4437 227 4514; x_wconf 82' lang='lat' dir='ltr'><strong>Vit.</strong></span> <span class='ocrx_word' id='word_1_248' title='bbox 256 4441 308 4531; x_wconf 83' lang='lat' dir='ltr'><strong>M.</strong></span> <span class='ocrx_word' id='word_1_249' title='bbox 330 4443 487 4518; x_wconf 80' lang='lat' dir='ltr'><strong>Antonii</strong></span> <span class='ocrx_word' id='word_1_250' title='bbox 513 4468 547 4518; x_wconf 83' lang='lat' dir='ltr'><strong>o.</strong></span> <span class='ocrx_word' id='word_1_251' title='bbox 568 4444 631 4518; x_wconf 80' lang='grc'><strong>67.</strong></span> <span class='ocrx_word' id='word_1_252' title='bbox 659 4441 872 4536; x_wconf 78' lang='grc' dir='ltr'><strong><em>Ἀλέξανδρος</em></strong></span> <span class='ocrx_word' id='word_1_253' title='bbox 894 4440 913 4515; x_wconf 82' lang='grc' dir='ltr'><em>ὃ</em></span> <span class='ocrx_word' id='word_1_254' title='bbox 934 4441 1042 4537; x_wconf 80' lang='grc' dir='ltr'><em>Σύρος</em></span> <span class='ocrx_word' id='word_1_255' title='bbox 1069 4444 1295 4543; x_wconf 73' lang='lat' dir='ltr'><strong>appellahlr,</strong></span> 
     </span>
    </p>
   </div>
   <div class='ocr_carea' id='block_1_6' title="bbox 148 4620 353 4632">
    <p class='ocr_par' dir='ltr' id='par_1_6' title="bbox 148 4620 353 4632">
     <span class='ocr_line' id='line_1_33' title="bbox 148 4620 353 4632; baseline 0.01 -3"><span class='ocrx_word' id='word_1_256' title='bbox 148 4620 353 4632; x_wconf 52' lang='lat' dir='ltr'><strong>m.-</strong></span> 
     </span>
    </p>
   </div>
   <div class='ocr_carea' id='block_1_7' title="bbox 115 4713 1296 4905">
    <p class='ocr_par' dir='ltr' id='par_1_7' title="bbox 115 4713 1296 4905">
     <span class='ocr_line' id='line_1_34' title="bbox 235 4713 1296 4798; baseline 0.001 -22"><span class='ocrx_word' id='word_1_257' title='bbox 235 4716 292 4792; x_wconf 80' lang='lat'><strong>2⁴)</strong></span> <span class='ocrx_word' id='word_1_258' title='bbox 315 4714 408 4791; x_wconf 85' lang='lat' dir='ltr'><strong>Vide,</strong></span> <span class='ocrx_word' id='word_1_259' title='bbox 429 4720 455 4779; x_wconf 77' lang='grc'><strong>11</strong></span> <span class='ocrx_word' id='word_1_260' title='bbox 477 4720 588 4798; x_wconf 83' lang='lat' dir='ltr'><strong>placet,</strong></span> <span class='ocrx_word' id='word_1_261' title='bbox 609 4739 683 4796; x_wconf 86' lang='lat' dir='ltr'><strong>quaa</strong></span> <span class='ocrx_word' id='word_1_262' title='bbox 704 4738 740 4779; x_wconf 79' lang='lat' dir='ltr'><strong>aa</strong></span> <span class='ocrx_word' id='word_1_263' title='bbox 760 4717 797 4777; x_wconf 83' lang='lat' dir='ltr'><strong>de</strong></span> <span class='ocrx_word' id='word_1_264' title='bbox 818 4738 850 4779; x_wconf 85' lang='lat' dir='ltr'><strong>re</strong></span> <span class='ocrx_word' id='word_1_265' title='bbox 871 4716 997 4779; x_wconf 71' lang='grc'><strong>1111111111</strong></span> <span class='ocrx_word' id='word_1_266' title='bbox 1019 4717 1052 4777; x_wconf 92' lang='grc'><strong>111</strong></span> <span class='ocrx_word' id='word_1_267' title='bbox 1072 4713 1239 4780; x_wconf 69' lang='lat' dir='ltr'><strong>commem.</strong></span> <span class='ocrx_word' id='word_1_268' title='bbox 1258 4713 1296 4778; x_wconf 78' lang='grc'><strong>(1(</strong></span> 
     </span>
     <span class='ocr_line' id='line_1_35' title="bbox 115 4798 844 4905; baseline -0.001 -39"><span class='ocrx_word' id='word_1_269' title='bbox 115 4900 118 4905; x_wconf 19' lang='grc'><strong>,</strong></span> <span class='ocrx_word' id='word_1_270' title='bbox 146 4798 279 4866; x_wconf 63' lang='lat' dir='ltr'><strong>mnaso</strong></span> <span class='ocrx_word' id='word_1_271' title='bbox 300 4800 411 4866; x_wconf 78' lang='lat' dir='ltr'><strong>Mam</strong></span> <span class='ocrx_word' id='word_1_272' title='bbox 431 4801 527 4866; x_wconf 75' lang='lat' dir='ltr'><strong>Porta</strong></span> <span class='ocrx_word' id='word_1_273' title='bbox 547 4806 578 4879; x_wconf 67' lang='lat' dir='ltr'><strong>t.</strong></span> <span class='ocrx_word' id='word_1_274' title='bbox 592 4812 620 4867; x_wconf 84' lang='lat' dir='ltr'><strong>t.</strong></span> <span class='ocrx_word' id='word_1_275' title='bbox 641 4827 671 4882; x_wconf 82' lang='lat' dir='ltr'><strong>p.</strong></span> <span class='ocrx_word' id='word_1_276' title='bbox 691 4808 764 4867; x_wconf 79' lang='lat'><strong>242.</strong></span> <span class='ocrx_word' id='word_1_277' title='bbox 778 4822 844 4882; x_wconf 77' lang='lat' dir='ltr'><strong>rqq·</strong></span> 
     </span>
    </p>
   </div>
   <div class='ocr_carea' id='block_1_8' title="bbox 0 0 1348 5236">
    <p class='ocr_par' dir='ltr' id='par_1_8' title="bbox 0 0 1348 5236">
     <span class='ocr_line' id='line_1_36' title="bbox 0 0 1348 5236; baseline 0 2"><span class='ocrx_word' id='word_1_278' title='bbox 0 0 1348 5236; x_wconf 95' lang='lat' dir='ltr'><strong> </strong></span> 
     </span>
    </p>
   </div>
  </div>
 </body>
</html>
