2670 5294
461 286 510 335 us
538 286 675 339 ossam
695 287 916 338 cinnanos.
1182 269 1256 344 179

105 475 148 548 ρ.
164 449 228 524 or.
255 446 315 525 oo.
340 446 463 523 nana
523 446 714 524 unane
748 449 906 548 pannea
943 431 1255 546 mmmmm,

106 569 228 643 altera
270 561 424 669 plebeja
461 564 756 661 bonignam-ram,
799 592 915 669 quam
957 569 1116 646 Tacitus
1153 571 1255 647 dun.

107 686 218 763 Libr.
247 684 339 761 ΧΠ.
371 710 406 761 c.
435 688 473 761 2.
515 687 709 784 antiquam
749 693 791 762 et
833 687 1014 764 nobilem·
1038 690 1266 789 appellatos

107 806 277 903 Utratpie
308 802 451 881 familia
471 804 635 881 fecrmda
652 805 734 879 fuit
760 805 933 882 virorum
957 807 1049 882 belli
1073 809 1255 907 pacisque

108 925 254 999 artibins
287 923 558 1020 eminentium,
599 949 697 1023 quos
730 922 815 1000 fuse
847 949 892 1001 ac
924 925 1008 1003 sine
1033 926 1168 1004 ordino
1192 952 1257 1003 re-

108 1043 260 1117 censuit
290 1042 352 1120 Jo.
386 1042 642 1143 Glaudorpius
679 1044 720 1118 in
754 1042 951 1120 Onomast.
985 1072 1026 1145 p.
1053 1050 1142 1122 202.
1169 1072 1256 1147 sqq.

107 1161 174 1236 Ex
207 1161 280 1239 hac
311 1171 425 1264 gente
456 1170 586 1238 ortum
619 1186 705 1239 esse
728 1165 905 1257 Poetam,
941 1165 1094 1265 dequo
1120 1167 1257 1241 scribi-

108 1305 218 1374 mus,
244 1288 391 1356 certum
415 1290 493 1372 est3
520 1282 568 1356 ad
593 1290 719 1357 ntmm
743 1307 837 1360 vero
860 1281 1046 1384 familiam
1060 1286 1258 1384 pertinue-

108 1398 183 1493 rit,
210 1397 359 1477 deliniri
382 1400 530 1499 nequit.

215 1515 295 1592 Sed
319 1518 538 1617 priusquam
564 1520 613 1596 de
631 1519 978 1613 CassiiParmensis
1004 1519 1084 1597 vita
1108 1528 1149 1594 et
1164 1519 1258 1595 sori-

109 1636 186 1737 ptis
219 1636 472 1736 exponimus,
516 1646 815 1715 consentaneum
853 1664 898 1715 ac
929 1661 1052 1739 paene
1082 1661 1274 1714 necessa·-

110 1758 213 1831 rium
238 1757 406 1851 videtur,
440 1766 482 1831 ut
515 1758 730 1858 singulatim
754 1783 823 1835 eos
847 1782 1140 1859 percenseamus
1166 1757 1259 1832 Cas-

111 1878 211 1970 sios,
245 1901 342 1974 qnos
367 1883 513 1951 comtat
537 1876 681 1975 aliquid
707 1877 842 1975 litteris
866 1880 1067 1954 mandasse
1092 1885 1132 1952 et
1157 1877 1259 1976 apud

111 1996 288 2095 normales
304 2003 555 2094 posterosque
579 1996 774 2072 doctrinae
789 1997 942 2072 laudem
955 1997 1136 2072 tenuisse.
1175 1997 1259 2089 Quo

111 2124 241 2189 tamen
264 2115 305 2189 in
329 2138 392 2207 re,
428 2116 557 2211 quoad
582 2110 665 2214 ejus
695 2114 778 2190 fieri
801 2123 948 2215 potest,
982 2136 1155 2190 summae
1178 2122 1259 2188 stu-

112 2232 288 2309 debimus
313 2232 491 2308 brevitati
515 2240 557 2308 et
580 2257 627 2309 ea
650 2234 822 2310 maxime
847 2234 1092 2333 attingemus,
1119 2232 1260 2329 quibus

111 2352 277 2451 quisque
300 2351 440 2428 horum
469 2350 687 2427 cnsuomm
711 2377 735 2447 a
759 2354 878 2428 Poeta
903 2351 1099 2426 Parmensi
1126 2350 1261 2424 dutin-

112 2478 261 2571 guatnr.
319 2467 512 2574 Maffejus,
544 2495 662 2570 quem
693 2472 934 2570 potissimum
965 2468 1038 2545 hac
1062 2470 1105 2543 in
1128 2468 1261 2566 ‹lispu-

112 2588 266 2665 tatiouia
299 2599 408 2689 parte
442 2592 579 2669 ducem
620 2591 732 2689 sequi
763 2592 908 2690 placet,
953 2589 1122 2687 quinque
1154 2609 1263 2661 com·

113 2716 304 2785 memorat
329 2709 476 2787 Cassios
501 2734 550 2787 co
566 2711 721 2786 nomine
734 2710 918 2804 illustres,
944 2707 1149 2783 Annalium
1167 2702 1261 2780 scri-

204 3022 240 3090 1)
259 3014 364 3095 Volgo
386 3018 555 3079 Cassiorum
574 3019 756 3095 patriciorum
774 3038 930 3096 cognomen
951 3026 1099 3078 exaratum
1119 3014 1263 3074 invenitur

114 3100 300 3178 Bicellieee,
334 3114 367 3162 nt
393 3106 480 3179 etiem
509 3104 598 3166 Fulv.
627 3102 751 3164 Ursinus
778 3103 868 3164 dedit.
917 3102 1010 3179 Apud
1031 3102 1155 3162 Diouem
1177 3097 1261 3158 Caes.

115 3186 203 3249 mr.
222 3192 275 3251 59.
296 3210 323 3249 c.
339 3195 391 3251 23.
414 3188 559 3267 hodieque
586 3192 710 3267 legimns
732 3188 906 3249 Brullinov
931 3184 1089 3263 Κάσσιον,
1117 3188 1168 3245 ubi
1189 3186 1262 3243 elias

115 3274 294 3349 compteles
319 3276 428 3335 noterit
455 3272 589 3335 Stenius
617 3272 688 3334 Vol.
709 3272 765 3334 lll.
795 3298 824 3351 p.
850 3278 924 3336 704.
940 3295 984 3347 sq.
1039 3270 1196 3349 Xyleuder
1222 3270 1263 3326 ihi

115 3358 300 3421 enitendum
328 3361 437 3419 ceusnit
466 3358 661 3435 Bexeilr‘rur,
698 3362 765 3435 quio
796 3360 849 3417 ille
880 3356 999 3417 Cassius
1027 3376 1075 3429 ep.
1097 3352 1265 3413 Ciceronem

114 3444 283 3522 appelletur
310 3443 487 3507 Becr‘llinue.
547 3443 608 3506 Sed
640 3445 748 3505 videsis
778 3445 939 3504 Fabricium
968 3441 1006 3500 ed
1034 3440 1139 3500 Dionis
1170 3435 1266 3498 Cassii

116 3532 139 3591 1.
163 3552 193 3591 c.
215 3526 290 3591 Vol.
309 3527 368 3590 vl.
396 3552 425 3607 p.
449 3534 521 3593 345.
555 3544 587 3591 ct
611 3533 742 3606 inprimis
774 3527 974 3603 Gernlnardum
1006 3538 1035 3586 et
1063 3523 1202 3585 Beiemin
1228 3521 1266 3581 ad

116 3612 218 3677 cicer.
236 3614 272 3675 de
293 3612 414 3677 Amisit.
436 3638 463 3676 c.
482 3625 530 3678 11.
540 3660 552 3690 ,
576 3618 625 3691 qni
648 3612 759 3675 Cassiis
776 3618 902 3691 patriciis
920 3612 1147 3674 Wscolla'norunr
1159 3628 1266 3685 cogno·

116 3718 188 3761 meu
206 3700 299 3762 fuisse
319 3703 463 3763 evincant.
483 3732 524 3748 -
555 3702 726 3762 Onesiorum
746 3702 922 3776 plebeiorum
944 3716 1101 3775 cognomen
1122 3705 1152 3754 et
1172 3696 1267 3769 ipsum

115 3806 231 3863 peeerm
260 3786 447 3863 deprevatum
479 3797 535 3849 cet.
602 3784 653 3847 Sic
682 3784 747 3846 llic.
777 3784 922 3847 Gruchius
949 3805 996 3858 ap.
1031 3779 1202 3842 Ciceronem
1230 3776 1269 3838 de

117 3868 210 3931 Oret.
229 3868 313 3932 Lilrr.
330 3868 355 3933 l.
379 3892 405 3933 c.
422 3879 475 3933 60.
498 3893 550 3948 pro
574 3873 654 3949 vulg.
679 3870 802 3947 Longo,
824 3872 873 3945 (μή
896 3870 999 3930 dicitnr
1019 3868 1110 3926 scrisse
1132 3863 1268 3925 historiae

117 3968 148 4017 et
179 3957 356 4033 antiquitatis
383 3958 592 4033 peritissimus,
633 3970 711 4017 recte
739 3960 860 4029 counierit
888 3954 1024 4029 Longino
1052 3972 1091 4012 ex
1116 3961 1189 4012 orat.
1218 3971 1271 4025 pro

117 4040 222 4103 Plane.
250 4064 277 4103 c.
302 4047 356 4106 24.
384 4044 413 4121 §.
439 4050 509 4118 ⁵8„
547 4044 598 4101 ubi
627 4039 726 4102 Codex
759 4040 933 4100 Erlintensis
952 4038 1057 4116 Longe
1078 4040 1099 4097 i.
1117 4058 1145 4098 e.
1165 4034 1272 4112 Longo

117 4151 175 4206 pro
195 4126 354 4206 hagino,
388 4148 472 4203 quem
503 4148 541 4187 ex
566 4128 676 4189 Gordia
705 4128 796 4186 suine
818 4139 907 4202 puto,
939 4136 968 4186 et
987 4128 1017 4184 iu
1038 4121 1164 4185 Scholiis
1186 4119 1273 4179 Vati·

118 4217 203 4275 mnis
231 4214 268 4274 ed
298 4224 370 4274 crat.
394 4235 447 4289 pro
469 4210 571 4274 Plane.
597 4215 617 4272 l.
636 4235 662 4272 c.
685 4234 731 4287 ap.
755 4210 941 4271 Wundemm
963 4234 992 4287 p.
1014 4214 1085 4271 156.
1108 4230 1161 4284 pro
1178 4206 1273 4265 Conco

118 4312 149 4361 el
181 4298 290 4373 Conci,
320 4301 434 4359 nomine
457 4298 598 4360 Romanis
616 4301 778 4374 incognito,
809 4294 912 4376 Longi
932 4301 952 4358 i.
976 4317 1003 4357 e.
1026 4294 1152 4373 Longini
1171 4306 1275 4350 nornen

120 4386 317 4465 reponendum
339 4404 422 4464 ene,
456 4383 529 4447 milri
548 4386 796 4463 persuasissimum
817 4395 873 4447 cst.
996 4480 1057 4555 2,

730 4504 733 4513 ·
971 4483 989 4557 l
