<?xml version="1.0" encoding="UTF-8"?>
<!DOCTYPE html PUBLIC "-//W3C//DTD XHTML 1.0 Transitional//EN"
    "http://www.w3.org/TR/xhtml1/DTD/xhtml1-transitional.dtd">
<html xmlns="http://www.w3.org/1999/xhtml" xml:lang="en" lang="en">
 <head>
  <title>
</title>
<meta http-equiv="Content-Type" content="text/html;charset=utf-8" />
  <meta name='ocr-system' content='tesseract 3.04.00' />
  <meta name='ocr-capabilities' content='ocr_page ocr_carea ocr_par ocr_line ocrx_word'/>
</head>
<body>
  <div class='ocr_page' id='page_1' title='image "./deluciivariietc00weicgoog_0301.png"; bbox 0 0 2686 5236; ppageno 0'>
   <div class='ocr_carea' id='block_1_1' title="bbox 407 595 1217 670">
    <p class='ocr_par' dir='ltr' id='par_1_1' title="bbox 407 595 1217 670">
     <span class='ocr_line' id='line_1_1' title="bbox 407 595 1217 670; baseline -0.001 -1"><span class='ocrx_word' id='word_1_1' title='bbox 407 617 457 669; x_wconf 75' lang='lat' dir='ltr'><strong>or</strong></span> <span class='ocrx_word' id='word_1_2' title='bbox 484 615 618 670; x_wconf 71' lang='lat' dir='ltr'><strong>casam</strong></span> <span class='ocrx_word' id='word_1_3' title='bbox 646 616 867 668; x_wconf 68' lang='lat' dir='ltr'><strong>risurus».</strong></span> <span class='ocrx_word' id='word_1_4' title='bbox 1140 595 1217 669; x_wconf 71' lang='lat'><strong>27⁰</strong></span> 
     </span>
    </p>
   </div>
   <div class='ocr_carea' id='block_1_2' title="bbox 49 777 1233 4797">
    <p class='ocr_par' dir='ltr' id='par_1_2' title="bbox 49 777 1233 4797">
     <span class='ocr_line' id='line_1_2' title="bbox 66 777 1213 879; baseline -0.003 -21"><span class='ocrx_word' id='word_1_5' title='bbox 66 780 117 858; x_wconf 77' lang='grc' dir='ltr'><strong>Ν.</strong></span> <span class='ocrx_word' id='word_1_6' title='bbox 135 783 197 857; x_wconf 85' lang='lat'><strong>12.</strong></span> <span class='ocrx_word' id='word_1_7' title='bbox 221 786 262 856; x_wconf 82' lang='lat' dir='ltr'><strong>ct</strong></span> <span class='ocrx_word' id='word_1_8' title='bbox 285 804 401 879; x_wconf 85' lang='lat' dir='ltr'><strong>qnam</strong></span> <span class='ocrx_word' id='word_1_9' title='bbox 425 801 540 879; x_wconf 79' lang='lat' dir='ltr'><strong>scopo</strong></span> <span class='ocrx_word' id='word_1_10' title='bbox 565 779 628 853; x_wconf 89' lang='lat' dir='ltr'><strong>illa</strong></span> <span class='ocrx_word' id='word_1_11' title='bbox 654 778 849 874; x_wconf 76' lang='lat' dir='ltr'><strong>Synizesis</strong></span> <span class='ocrx_word' id='word_1_12' title='bbox 875 802 943 877; x_wconf 90' lang='lat' dir='ltr'><strong>per</strong></span> <span class='ocrx_word' id='word_1_13' title='bbox 969 777 1213 855; x_wconf 80' lang='lat' dir='ltr'><strong>librariorrun</strong></span> 
     </span>
     <span class='ocr_line' id='line_1_3' title="bbox 64 896 1233 998; baseline -0.004 -21"><span class='ocrx_word' id='word_1_14' title='bbox 64 901 257 977; x_wconf 82' lang='lat' dir='ltr'><strong>inscitiam</strong></span> <span class='ocrx_word' id='word_1_15' title='bbox 291 900 415 975; x_wconf 87' lang='lat' dir='ltr'><strong>deleta</strong></span> <span class='ocrx_word' id='word_1_16' title='bbox 448 898 516 991; x_wconf 83' lang='lat' dir='ltr'><strong>sit,</strong></span> <span class='ocrx_word' id='word_1_17' title='bbox 558 899 684 972; x_wconf 86' lang='lat' dir='ltr'><strong>docuit</strong></span> <span class='ocrx_word' id='word_1_18' title='bbox 716 899 784 971; x_wconf 84' lang='lat' dir='ltr'><strong>l’h.</strong></span> <span class='ocrx_word' id='word_1_19' title='bbox 813 898 1024 998; x_wconf 86' lang='lat' dir='ltr'><strong>Wagnerus</strong></span> <span class='ocrx_word' id='word_1_20' title='bbox 1053 900 1102 971; x_wconf 85' lang='lat' dir='ltr'><strong>ad</strong></span> <span class='ocrx_word' id='word_1_21' title='bbox 1129 896 1233 972; x_wconf 87' lang='lat' dir='ltr'><strong>Vir·.</strong></span> 
     </span>
     <span class='ocr_line' id='line_1_4' title="bbox 64 1015 1213 1122; baseline -0.004 -27"><span class='ocrx_word' id='word_1_22' title='bbox 64 1021 148 1122; x_wconf 79' lang='lat' dir='ltr'><strong>gilii</strong></span> <span class='ocrx_word' id='word_1_23' title='bbox 172 1020 267 1094; x_wconf 81' lang='lat' dir='ltr'><strong>Aen.</strong></span> <span class='ocrx_word' id='word_1_24' title='bbox 293 1018 400 1091; x_wconf 84' lang='lat' dir='ltr'><strong>Libr.</strong></span> <span class='ocrx_word' id='word_1_25' title='bbox 419 1015 452 1090; x_wconf 89' lang='grc' dir='ltr'><strong>Ι.</strong></span> <span class='ocrx_word' id='word_1_26' title='bbox 477 1040 516 1091; x_wconf 85' lang='lat' dir='ltr'><strong>v.</strong></span> <span class='ocrx_word' id='word_1_27' title='bbox 532 1019 570 1090; x_wconf 82' lang='lat'><strong>2.</strong></span> <span class='ocrx_word' id='word_1_28' title='bbox 597 1025 635 1091; x_wconf 85' lang='lat' dir='ltr'><strong>et</strong></span> <span class='ocrx_word' id='word_1_29' title='bbox 660 1015 727 1089; x_wconf 85' lang='lat' dir='ltr'><strong>Vl.</strong></span> <span class='ocrx_word' id='word_1_30' title='bbox 754 1042 792 1091; x_wconf 88' lang='lat' dir='ltr'><strong>v.</strong></span> <span class='ocrx_word' id='word_1_31' title='bbox 809 1017 871 1091; x_wconf 79' lang='lat'><strong>33.</strong></span> <span class='ocrx_word' id='word_1_32' title='bbox 923 1016 1031 1090; x_wconf 85' lang='lat' dir='ltr'><strong>Idem</strong></span> <span class='ocrx_word' id='word_1_33' title='bbox 1050 1016 1213 1114; x_wconf 87' lang='lat' dir='ltr'><strong>probant</strong></span> 
     </span>
     <span class='ocr_line' id='line_1_5' title="bbox 66 1135 1213 1234; baseline -0.003 -19"><span class='ocrx_word' id='word_1_34' title='bbox 66 1140 230 1215; x_wconf 80' lang='lat' dir='ltr'><strong>Codices</strong></span> <span class='ocrx_word' id='word_1_35' title='bbox 271 1135 469 1225; x_wconf 85' lang='lat' dir='ltr'><strong>Suetonii,</strong></span> <span class='ocrx_word' id='word_1_36' title='bbox 519 1160 682 1234; x_wconf 89' lang='lat' dir='ltr'><strong>quorum</strong></span> <span class='ocrx_word' id='word_1_37' title='bbox 722 1135 784 1208; x_wconf 87' lang='lat' dir='ltr'><strong>alii</strong></span> <span class='ocrx_word' id='word_1_38' title='bbox 822 1135 1102 1230; x_wconf 80' lang='lat' dir='ltr'><strong>chorungr’um,</strong></span> <span class='ocrx_word' id='word_1_39' title='bbox 1147 1135 1213 1211; x_wconf 88' lang='lat' dir='ltr'><strong>alii</strong></span> 
     </span>
     <span class='ocr_line' id='line_1_6' title="bbox 67 1252 1212 1352; baseline -0.003 -21"><span class='ocrx_word' id='word_1_40' title='bbox 67 1258 312 1352; x_wconf 78' lang='lat' dir='ltr'><strong>chorongum</strong></span> <span class='ocrx_word' id='word_1_41' title='bbox 351 1255 505 1329; x_wconf 86' lang='lat' dir='ltr'><strong>hahent.</strong></span> <span class='ocrx_word' id='word_1_42' title='bbox 574 1253 886 1352; x_wconf 89' lang='lat' dir='ltr'><strong>Oudendorpius‚</strong></span> <span class='ocrx_word' id='word_1_43' title='bbox 939 1252 1010 1328; x_wconf 91' lang='lat' dir='ltr'><strong>hac</strong></span> <span class='ocrx_word' id='word_1_44' title='bbox 1046 1253 1212 1328; x_wconf 84' lang='lat' dir='ltr'><strong>lectione</strong></span> 
     </span>
     <span class='ocr_line' id='line_1_7' title="bbox 66 1369 1213 1475; baseline -0.005 -24"><span class='ocrx_word' id='word_1_45' title='bbox 66 1377 294 1475; x_wconf 79' lang='lat' dir='ltr'><strong>approbata,</strong></span> <span class='ocrx_word' id='word_1_46' title='bbox 335 1398 470 1450; x_wconf 82' lang='lat' dir='ltr'><strong>veram</strong></span> <span class='ocrx_word' id='word_1_47' title='bbox 510 1396 594 1447; x_wconf 84' lang='lat' dir='ltr'><strong>esse</strong></span> <span class='ocrx_word' id='word_1_48' title='bbox 635 1372 831 1447; x_wconf 86' lang='lat' dir='ltr'><strong>existimat</strong></span> <span class='ocrx_word' id='word_1_49' title='bbox 864 1369 1118 1472; x_wconf 80' lang='lat' dir='ltr'><strong>conjecturam</strong></span> <span class='ocrx_word' id='word_1_50' title='bbox 1150 1370 1213 1446; x_wconf 79' lang='lat' dir='ltr'><strong>hi-</strong></span> 
     </span>
     <span class='ocr_line' id='line_1_8' title="bbox 67 1491 1211 1588; baseline -0.003 -20"><span class='ocrx_word' id='word_1_51' title='bbox 67 1508 242 1568; x_wconf 77' lang='lat' dir='ltr'><strong>atrorum</strong></span> <span class='ocrx_word' id='word_1_52' title='bbox 265 1491 339 1568; x_wconf 90' lang='lat' dir='ltr'><strong>hoc</strong></span> <span class='ocrx_word' id='word_1_53' title='bbox 364 1516 495 1567; x_wconf 69' lang='lat' dir='ltr'><strong>sensus</strong></span> <span class='ocrx_word' id='word_1_54' title='bbox 532 1492 843 1588; x_wconf 84' lang='lat' dir='ltr'><strong>quamprimum</strong></span> <span class='ocrx_word' id='word_1_55' title='bbox 868 1515 1001 1567; x_wconf 88' lang='lat' dir='ltr'><strong>mensa</strong></span> <span class='ocrx_word' id='word_1_56' title='bbox 1025 1491 1066 1564; x_wconf 91' lang='lat' dir='ltr'><strong>in</strong></span> <span class='ocrx_word' id='word_1_57' title='bbox 1092 1516 1211 1565; x_wconf 77' lang='lat' dir='ltr'><strong>untnn</strong></span> 
     </span>
     <span class='ocr_line' id='line_1_9' title="bbox 66 1609 1209 1714; baseline -0.003 -27"><span class='ocrx_word' id='word_1_58' title='bbox 66 1613 191 1714; x_wconf 82' lang='lat' dir='ltr'><strong>coegit</strong></span> <span class='ocrx_word' id='word_1_59' title='bbox 224 1610 443 1712; x_wconf 77' lang='lat' dir='ltr'>choragium</span> <span class='ocrx_word' id='word_1_60' title='bbox 475 1609 752 1684; x_wconf 88' lang='lat' dir='ltr'><strong>histrioniemn.</strong></span> <span class='ocrx_word' id='word_1_61' title='bbox 812 1612 863 1685; x_wconf 76' lang='lat' dir='ltr'><strong>At</strong></span> <span class='ocrx_word' id='word_1_62' title='bbox 895 1635 966 1712; x_wconf 86' lang='lat' dir='ltr'><strong>ego</strong></span> <span class='ocrx_word' id='word_1_63' title='bbox 992 1609 1146 1708; x_wconf 84' lang='lat' dir='ltr'><strong>quidem</strong></span> <span class='ocrx_word' id='word_1_64' title='bbox 1171 1635 1209 1684; x_wconf 88' lang='lat' dir='ltr'><strong>v.</strong></span> 
     </span>
     <span class='ocr_line' id='line_1_10' title="bbox 62 1728 1209 1805; baseline -0.003 -1"><span class='ocrx_word' id='word_1_65' title='bbox 62 1729 231 1805; x_wconf 63' lang='lat' dir='ltr'><strong>armum</strong></span> <span class='ocrx_word' id='word_1_66' title='bbox 256 1729 494 1805; x_wconf 86' lang='lat' dir='ltr'><strong>sanissimum</strong></span> <span class='ocrx_word' id='word_1_67' title='bbox 521 1730 631 1804; x_wconf 74' lang='lat' dir='ltr'><strong>‹luco-</strong></span> <span class='ocrx_word' id='word_1_68' title='bbox 684 1728 892 1804; x_wconf 87' lang='lat' dir='ltr'><strong>Suetonius</strong></span> <span class='ocrx_word' id='word_1_69' title='bbox 918 1730 1021 1802; x_wconf 90' lang='lat' dir='ltr'><strong>enim</strong></span> <span class='ocrx_word' id='word_1_70' title='bbox 1045 1753 1125 1802; x_wconf 88' lang='lat' dir='ltr'><strong>uon</strong></span> <span class='ocrx_word' id='word_1_71' title='bbox 1149 1728 1209 1801; x_wconf 87' lang='lat' dir='ltr'><strong>in·</strong></span> 
     </span>
     <span class='ocr_line' id='line_1_11' title="bbox 63 1847 1209 1949; baseline -0.002 -27"><span class='ocrx_word' id='word_1_72' title='bbox 63 1855 217 1949; x_wconf 76' lang='lat' dir='ltr'><strong>tegnam</strong></span> <span class='ocrx_word' id='word_1_73' title='bbox 241 1871 395 1922; x_wconf 89' lang='lat' dir='ltr'><strong>carmen</strong></span> <span class='ocrx_word' id='word_1_74' title='bbox 420 1847 638 1945; x_wconf 79' lang='lat' dir='ltr'><strong>adscripsit,</strong></span> <span class='ocrx_word' id='word_1_75' title='bbox 666 1849 733 1920; x_wconf 87' lang='lat' dir='ltr'><strong>sed</strong></span> <span class='ocrx_word' id='word_1_76' title='bbox 759 1855 908 1946; x_wconf 90' lang='lat' dir='ltr'><strong>partem</strong></span> <span class='ocrx_word' id='word_1_77' title='bbox 933 1854 1081 1920; x_wconf 78' lang='lat' dir='ltr'><strong>tantrnn</strong></span> <span class='ocrx_word' id='word_1_78' title='bbox 1105 1870 1209 1920; x_wconf 89' lang='lat' dir='ltr'><strong>eam-</strong></span> 
     </span>
     <span class='ocr_line' id='line_1_12' title="bbox 63 1965 1209 2066; baseline -0.002 -26"><span class='ocrx_word' id='word_1_79' title='bbox 63 1990 144 2065; x_wconf 83' lang='lat' dir='ltr'><strong>que</strong></span> <span class='ocrx_word' id='word_1_80' title='bbox 175 1973 420 2066; x_wconf 87' lang='lat' dir='ltr'><strong>postremam.</strong></span> <span class='ocrx_word' id='word_1_81' title='bbox 486 1965 597 2038; x_wconf 84' lang='lat' dir='ltr'><strong>llam]</strong></span> <span class='ocrx_word' id='word_1_82' title='bbox 632 1966 747 2039; x_wconf 75' lang='lat' dir='ltr'><strong>tlnbie</strong></span> <span class='ocrx_word' id='word_1_83' title='bbox 782 1966 944 2065; x_wconf 76' lang='lat' dir='ltr'><strong>scriptor</strong></span> <span class='ocrx_word' id='word_1_84' title='bbox 982 1965 1088 2038; x_wconf 85' lang='lat' dir='ltr'><strong>istius</strong></span> <span class='ocrx_word' id='word_1_85' title='bbox 1126 1965 1209 2062; x_wconf 89' lang='lat' dir='ltr'><strong>epi·</strong></span> 
     </span>
     <span class='ocr_line' id='line_1_13' title="bbox 63 2083 1209 2185; baseline -0.003 -25"><span class='ocrx_word' id='word_1_86' title='bbox 63 2084 285 2185; x_wconf 72' lang='lat' dir='ltr'><strong>granantis</strong></span> <span class='ocrx_word' id='word_1_87' title='bbox 319 2085 462 2183; x_wconf 90' lang='lat' dir='ltr'><strong>pariter</strong></span> <span class='ocrx_word' id='word_1_88' title='bbox 494 2108 539 2160; x_wconf 91' lang='lat' dir='ltr'><strong>ac</strong></span> <span class='ocrx_word' id='word_1_89' title='bbox 573 2083 626 2158; x_wconf 84' lang='grc' dir='ltr'><strong>Μ.</strong></span> <span class='ocrx_word' id='word_1_90' title='bbox 661 2085 850 2158; x_wconf 85' lang='lat' dir='ltr'><strong>Antonius</strong></span> <span class='ocrx_word' id='word_1_91' title='bbox 884 2083 926 2157; x_wconf 90' lang='lat' dir='ltr'><strong>in</strong></span> <span class='ocrx_word' id='word_1_92' title='bbox 959 2084 1129 2183; x_wconf 88' lang='lat' dir='ltr'><strong>epistolis</strong></span> <span class='ocrx_word' id='word_1_93' title='bbox 1160 2085 1209 2157; x_wconf 86' lang='lat' dir='ltr'><strong>ad</strong></span> 
     </span>
     <span class='ocr_line' id='line_1_14' title="bbox 61 2201 1203 2303; baseline -0.004 -24"><span class='ocrx_word' id='word_1_94' title='bbox 61 2203 317 2279; x_wconf 81' lang='lat' dir='ltr'><strong>Octavianum</strong></span> <span class='ocrx_word' id='word_1_95' title='bbox 349 2204 528 2279; x_wconf 82' lang='lat' dir='ltr'><strong>convivas</strong></span> <span class='ocrx_word' id='word_1_96' title='bbox 553 2203 720 2303; x_wconf 84' lang='lat' dir='ltr'><strong>singulos</strong></span> <span class='ocrx_word' id='word_1_97' title='bbox 753 2210 1060 2295; x_wconf 71' lang='lat' dir='ltr'><strong>enumeraverat,</strong></span> <span class='ocrx_word' id='word_1_98' title='bbox 1096 2201 1136 2274; x_wconf 86' lang='lat' dir='ltr'><strong>h.</strong></span> <span class='ocrx_word' id='word_1_99' title='bbox 1167 2226 1203 2275; x_wconf 89' lang='lat' dir='ltr'><strong>e.</strong></span> 
     </span>
     <span class='ocr_line' id='line_1_15' title="bbox 61 2320 1206 2422; baseline -0.003 -25"><span class='ocrx_word' id='word_1_100' title='bbox 61 2322 301 2422; x_wconf 78' lang='lat' dir='ltr'><strong>singrrlorum</strong></span> <span class='ocrx_word' id='word_1_101' title='bbox 342 2322 498 2397; x_wconf 75' lang='lat' dir='ltr'><strong>confina</strong></span> <span class='ocrx_word' id='word_1_102' title='bbox 543 2322 595 2395; x_wconf 91' lang='lat' dir='ltr'><strong>ita</strong></span> <span class='ocrx_word' id='word_1_103' title='bbox 637 2329 921 2412; x_wconf 77' lang='lat' dir='ltr'><strong>nturieraverat,</strong></span> <span class='ocrx_word' id='word_1_104' title='bbox 971 2328 1014 2393; x_wconf 94' lang='lat' dir='ltr'><strong>ut</strong></span> <span class='ocrx_word' id='word_1_105' title='bbox 1056 2320 1206 2393; x_wconf 91' lang='lat' dir='ltr'><strong>nullum</strong></span> 
     </span>
     <span class='ocr_line' id='line_1_16' title="bbox 61 2438 1207 2538; baseline -0.004 -22"><span class='ocrx_word' id='word_1_106' title='bbox 61 2442 323 2535; x_wconf 80' lang='lat' dir='ltr'><strong>omitteretur,</strong></span> <span class='ocrx_word' id='word_1_107' title='bbox 365 2464 510 2538; x_wconf 83' lang='lat' dir='ltr'><strong>eosque</strong></span> <span class='ocrx_word' id='word_1_108' title='bbox 544 2441 681 2515; x_wconf 85' lang='lat' dir='ltr'><strong>acerbe</strong></span> <span class='ocrx_word' id='word_1_109' title='bbox 706 2441 992 2538; x_wconf 79' lang='lat' dir='ltr'><strong>perstrinxerat.</strong></span> <span class='ocrx_word' id='word_1_110' title='bbox 1053 2438 1130 2512; x_wconf 84' lang='lat' dir='ltr'><strong>Eos</strong></span> <span class='ocrx_word' id='word_1_111' title='bbox 1155 2439 1207 2512; x_wconf 88' lang='lat' dir='ltr'><strong>si-</strong></span> 
     </span>
     <span class='ocr_line' id='line_1_17' title="bbox 60 2556 1206 2634; baseline -0.003 0"><span class='ocrx_word' id='word_1_112' title='bbox 60 2559 180 2634; x_wconf 84' lang='lat' dir='ltr'><strong>lentio</strong></span> <span class='ocrx_word' id='word_1_113' title='bbox 213 2558 363 2633; x_wconf 85' lang='lat' dir='ltr'><strong>transiit</strong></span> <span class='ocrx_word' id='word_1_114' title='bbox 397 2556 604 2633; x_wconf 83' lang='lat' dir='ltr'><strong>Suetonius</strong></span> <span class='ocrx_word' id='word_1_115' title='bbox 639 2559 721 2634; x_wconf 86' lang='lat' dir='ltr'><strong>sive</strong></span> <span class='ocrx_word' id='word_1_116' title='bbox 753 2558 950 2633; x_wconf 84' lang='lat' dir='ltr'><strong>brevitatis</strong></span> <span class='ocrx_word' id='word_1_117' title='bbox 976 2557 1099 2630; x_wconf 90' lang='lat' dir='ltr'><strong>studio</strong></span> <span class='ocrx_word' id='word_1_118' title='bbox 1125 2557 1206 2632; x_wconf 87' lang='lat' dir='ltr'><strong>sivo</strong></span> 
     </span>
     <span class='ocr_line' id='line_1_18' title="bbox 60 2676 1206 2775; baseline -0.003 -22"><span class='ocrx_word' id='word_1_119' title='bbox 60 2678 147 2753; x_wconf 84' lang='lat' dir='ltr'><strong>aliis</strong></span> <span class='ocrx_word' id='word_1_120' title='bbox 172 2678 363 2753; x_wconf 76' lang='lat' dir='ltr'><strong>nescitam</strong></span> <span class='ocrx_word' id='word_1_121' title='bbox 387 2678 528 2775; x_wconf 77' lang='lat' dir='ltr'><strong>qtrihns</strong></span> <span class='ocrx_word' id='word_1_122' title='bbox 555 2678 693 2752; x_wconf 86' lang='lat' dir='ltr'><strong>caussis</strong></span> <span class='ocrx_word' id='word_1_123' title='bbox 718 2679 915 2751; x_wconf 73' lang='lat' dir='ltr'><strong>audiretur.</strong></span> <span class='ocrx_word' id='word_1_124' title='bbox 966 2676 1099 2773; x_wconf 88' lang='lat' dir='ltr'><strong>Itaque</strong></span> <span class='ocrx_word' id='word_1_125' title='bbox 1116 2699 1206 2750; x_wconf 93' lang='lat' dir='ltr'><strong>cum</strong></span> 
     </span>
     <span class='ocr_line' id='line_1_19' title="bbox 59 2793 1204 2896; baseline -0.005 -24"><span class='ocrx_word' id='word_1_126' title='bbox 59 2796 273 2890; x_wconf 67' lang='lat' dir='ltr'><strong>rettulisset,</strong></span> <span class='ocrx_word' id='word_1_127' title='bbox 313 2796 552 2896; x_wconf 82' lang='lat' dir='ltr'><strong>singulorum</strong></span> <span class='ocrx_word' id='word_1_128' title='bbox 586 2798 827 2872; x_wconf 80' lang='lat' dir='ltr'><strong>convivamur</strong></span> <span class='ocrx_word' id='word_1_129' title='bbox 861 2794 1016 2868; x_wconf 74' lang='lat' dir='ltr'><strong>trontius</strong></span> <span class='ocrx_word' id='word_1_130' title='bbox 1049 2794 1098 2866; x_wconf 90' lang='lat' dir='ltr'><strong>ab</strong></span> <span class='ocrx_word' id='word_1_131' title='bbox 1124 2793 1204 2866; x_wconf 80' lang='lat' dir='ltr'><strong>An·</strong></span> 
     </span>
     <span class='ocr_line' id='line_1_20' title="bbox 60 2912 1205 3008; baseline -0.007 -16"><span class='ocrx_word' id='word_1_132' title='bbox 60 2916 167 2992; x_wconf 86' lang='lat' dir='ltr'><strong>tonio</strong></span> <span class='ocrx_word' id='word_1_133' title='bbox 198 2914 434 2991; x_wconf 86' lang='lat' dir='ltr'><strong>amarissime</strong></span> <span class='ocrx_word' id='word_1_134' title='bbox 473 2922 695 2990; x_wconf 88' lang='lat' dir='ltr'><strong>enumerata</strong></span> <span class='ocrx_word' id='word_1_135' title='bbox 728 2913 866 3008; x_wconf 68' lang='lat' dir='ltr'><strong>sahso,</strong></span> <span class='ocrx_word' id='word_1_136' title='bbox 910 2912 1069 2986; x_wconf 82' lang='lat' dir='ltr'><strong>attexuit</strong></span> <span class='ocrx_word' id='word_1_137' title='bbox 1110 2912 1205 2985; x_wconf 88' lang='lat' dir='ltr'><strong>illud</strong></span> 
     </span>
     <span class='ocr_line' id='line_1_21' title="bbox 61 3032 1203 3132; baseline -0.004 -23"><span class='ocrx_word' id='word_1_138' title='bbox 61 3058 217 3109; x_wconf 71' lang='lat' dir='ltr'><strong>cumton</strong></span> <span class='ocrx_word' id='word_1_139' title='bbox 241 3032 428 3132; x_wconf 85' lang='lat' dir='ltr'><strong>principio</strong></span> <span class='ocrx_word' id='word_1_140' title='bbox 454 3057 500 3108; x_wconf 86' lang='lat' dir='ltr'><strong>ac</strong></span> <span class='ocrx_word' id='word_1_141' title='bbox 523 3034 631 3109; x_wconf 81' lang='lat' dir='ltr'><strong>volnt</strong></span> <span class='ocrx_word' id='word_1_142' title='bbox 655 3033 776 3132; x_wconf 89' lang='lat' dir='ltr'><strong>capite</strong></span> <span class='ocrx_word' id='word_1_143' title='bbox 801 3032 1085 3124; x_wconf 80' lang='lat' dir='ltr'><strong>detruncatum,</strong></span> <span class='ocrx_word' id='word_1_144' title='bbox 1115 3055 1203 3128; x_wconf 86' lang='lat' dir='ltr'><strong>pcr-</strong></span> 
     </span>
     <span class='ocr_line' id='line_1_22' title="bbox 60 3150 1201 3252; baseline -0.005 -23"><span class='ocrx_word' id='word_1_145' title='bbox 60 3152 257 3252; x_wconf 61' lang='lat' dir='ltr'><strong>rexitque</strong></span> <span class='ocrx_word' id='word_1_146' title='bbox 295 3153 427 3247; x_wconf 81' lang='lat' dir='ltr'><strong>Quum</strong></span> <span class='ocrx_word' id='word_1_147' title='bbox 449 3150 622 3251; x_wconf 77' lang='lat' dir='ltr'><strong>priscum</strong></span> <span class='ocrx_word' id='word_1_148' title='bbox 644 3151 833 3239; x_wconf 77' lang='lat' dir='ltr'><strong>istorum,</strong></span> <span class='ocrx_word' id='word_1_149' title='bbox 862 3174 914 3225; x_wconf 88' lang='lat' dir='ltr'><strong>sc.</strong></span> <span class='ocrx_word' id='word_1_150' title='bbox 941 3152 1201 3227; x_wconf 79' lang='lat' dir='ltr'><strong>convivamur.</strong></span> 
     </span>
     <span class='ocr_line' id='line_1_23' title="bbox 59 3269 1200 3363; baseline -0.004 -16"><span class='ocrx_word' id='word_1_151' title='bbox 59 3269 129 3347; x_wconf 82' lang='lat' dir='ltr'><strong>Est</strong></span> <span class='ocrx_word' id='word_1_152' title='bbox 159 3278 286 3347; x_wconf 82' lang='lat' dir='ltr'><strong>autem</strong></span> <span class='ocrx_word' id='word_1_153' title='bbox 319 3272 533 3344; x_wconf 71' lang='lat' dir='ltr'><strong>conducere</strong></span> <span class='ocrx_word' id='word_1_154' title='bbox 566 3269 605 3344; x_wconf 86' lang='lat' dir='ltr'><strong>h.</strong></span> <span class='ocrx_word' id='word_1_155' title='bbox 632 3270 872 3343; x_wconf 77' lang='lat' dir='ltr'><strong>hionnam</strong></span> <span class='ocrx_word' id='word_1_156' title='bbox 898 3272 1035 3344; x_wconf 85' lang='lat' dir='ltr'><strong>ducere</strong></span> <span class='ocrx_word' id='word_1_157' title='bbox 1061 3270 1200 3363; x_wconf 82' lang='lat' dir='ltr'><strong>locrun,</strong></span> 
     </span>
     <span class='ocr_line' id='line_1_24' title="bbox 59 3385 1201 3491; baseline -0.003 -26"><span class='ocrx_word' id='word_1_158' title='bbox 59 3413 219 3491; x_wconf 82' lang='lat' dir='ltr'><strong>cogere,</strong></span> <span class='ocrx_word' id='word_1_159' title='bbox 244 3388 372 3463; x_wconf 86' lang='lat' dir='ltr'><strong>facere</strong></span> <span class='ocrx_word' id='word_1_160' title='bbox 395 3396 439 3462; x_wconf 88' lang='lat' dir='ltr'><strong>ut</strong></span> <span class='ocrx_word' id='word_1_161' title='bbox 464 3390 711 3483; x_wconf 82' lang='lat' dir='ltr'><strong>conveniant,</strong></span> <span class='ocrx_word' id='word_1_162' title='bbox 745 3385 922 3488; x_wconf 87' lang='lat' dir='ltr'><strong>adjuncta</strong></span> <span class='ocrx_word' id='word_1_163' title='bbox 946 3396 1076 3463; x_wconf 89' lang='lat' dir='ltr'><strong>tamen</strong></span> <span class='ocrx_word' id='word_1_164' title='bbox 1101 3412 1201 3462; x_wconf 60' lang='lat' dir='ltr'><strong>mco</strong></span> 
     </span>
     <span class='ocr_line' id='line_1_25' title="bbox 57 3505 1199 3606; baseline -0.002 -23"><span class='ocrx_word' id='word_1_165' title='bbox 57 3507 184 3601; x_wconf 83' lang='lat' dir='ltr'><strong>cadis,</strong></span> <span class='ocrx_word' id='word_1_166' title='bbox 241 3507 465 3583; x_wconf 86' lang='lat' dir='ltr'><strong>conditionis</strong></span> <span class='ocrx_word' id='word_1_167' title='bbox 514 3508 775 3605; x_wconf 69' lang='lat' dir='ltr'><strong>petitionisque</strong></span> <span class='ocrx_word' id='word_1_168' title='bbox 826 3505 984 3606; x_wconf 84' lang='lat' dir='ltr'><strong>alicujus</strong></span> <span class='ocrx_word' id='word_1_169' title='bbox 1031 3508 1199 3600; x_wconf 85' lang='lat' dir='ltr'><strong>notione,</strong></span> 
     </span>
     <span class='ocr_line' id='line_1_26' title="bbox 56 3623 1201 3725; baseline -0.001 -26"><span class='ocrx_word' id='word_1_170' title='bbox 56 3650 176 3725; x_wconf 70' lang='lat' dir='ltr'><strong>quiam</strong></span> <span class='ocrx_word' id='word_1_171' title='bbox 199 3623 288 3700; x_wconf 93' lang='lat' dir='ltr'><strong>huic</strong></span> <span class='ocrx_word' id='word_1_172' title='bbox 312 3626 433 3701; x_wconf 85' lang='lat' dir='ltr'><strong>verbo</strong></span> <span class='ocrx_word' id='word_1_173' title='bbox 459 3650 612 3724; x_wconf 90' lang='lat' dir='ltr'><strong>semper</strong></span> <span class='ocrx_word' id='word_1_174' title='bbox 635 3628 762 3700; x_wconf 88' lang='lat' dir='ltr'><strong>inesse</strong></span> <span class='ocrx_word' id='word_1_175' title='bbox 786 3628 887 3700; x_wconf 92' lang='lat' dir='ltr'><strong>bene</strong></span> <span class='ocrx_word' id='word_1_176' title='bbox 913 3628 1086 3700; x_wconf 83' lang='lat' dir='ltr'><strong>observat</strong></span> <span class='ocrx_word' id='word_1_177' title='bbox 1101 3626 1201 3698; x_wconf 84' lang='lat' dir='ltr'><strong>llar-</strong></span> 
     </span>
     <span class='ocr_line' id='line_1_27' title="bbox 55 3741 1197 3847; baseline -0.006 -24"><span class='ocrx_word' id='word_1_178' title='bbox 55 3742 989 3847; x_wconf 67' lang='lat' dir='ltr'><strong>zog.ratniicaos.non.c.1,iar.11.al.</strong></span> <span class='ocrx_word' id='word_1_179' title='bbox 1032 3741 1098 3816; x_wconf 85' lang='lat' dir='ltr'><strong>Sic</strong></span> <span class='ocrx_word' id='word_1_180' title='bbox 1115 3743 1155 3815; x_wconf 89' lang='lat' dir='ltr'><strong>h.</strong></span> <span class='ocrx_word' id='word_1_181' title='bbox 1171 3743 1197 3816; x_wconf 93' lang='grc' dir='ltr'><strong>Ι.</strong></span> 
     </span>
     <span class='ocr_line' id='line_1_28' title="bbox 56 3861 1199 3940; baseline -0.004 -1"><span class='ocrx_word' id='word_1_182' title='bbox 56 3863 199 3939; x_wconf 78' lang='lat' dir='ltr'><strong>‹lloihrr</strong></span> <span class='ocrx_word' id='word_1_183' title='bbox 221 3889 358 3937; x_wconf 75' lang='lat' dir='ltr'><strong>muru</strong></span> <span class='ocrx_word' id='word_1_184' title='bbox 383 3863 410 3937; x_wconf 88' lang='lat' dir='ltr'><strong>i.</strong></span> <span class='ocrx_word' id='word_1_185' title='bbox 434 3886 470 3938; x_wconf 88' lang='lat' dir='ltr'><strong>c.</strong></span> <span class='ocrx_word' id='word_1_186' title='bbox 506 3888 625 3940; x_wconf 88' lang='lat' dir='ltr'><strong>coena</strong></span> <span class='ocrx_word' id='word_1_187' title='bbox 660 3865 708 3937; x_wconf 89' lang='lat' dir='ltr'><strong>ah</strong></span> <span class='ocrx_word' id='word_1_188' title='bbox 736 3861 941 3937; x_wconf 87' lang='lat' dir='ltr'><strong>Octaviano</strong></span> <span class='ocrx_word' id='word_1_189' title='bbox 965 3861 1133 3934; x_wconf 86' lang='lat' dir='ltr'><strong>instituta</strong></span> <span class='ocrx_word' id='word_1_190' title='bbox 1158 3870 1199 3934; x_wconf 89' lang='lat' dir='ltr'><strong>ct</strong></span> 
     </span>
     <span class='ocr_line' id='line_1_29' title="bbox 55 3980 1197 4082; baseline -0.004 -25"><span class='ocrx_word' id='word_1_191' title='bbox 55 3982 166 4082; x_wconf 79' lang='lat' dir='ltr'><strong>quasi</strong></span> <span class='ocrx_word' id='word_1_192' title='bbox 195 3982 270 4057; x_wconf 81' lang='lat' dir='ltr'><strong>illis</strong></span> <span class='ocrx_word' id='word_1_193' title='bbox 301 3982 489 4079; x_wconf 76' lang='lat' dir='ltr'><strong>promissa</strong></span> <span class='ocrx_word' id='word_1_194' title='bbox 525 3983 752 4058; x_wconf 84' lang='lat' dir='ltr'><strong>conduxisse</strong></span> <span class='ocrx_word' id='word_1_195' title='bbox 781 3980 1002 4081; x_wconf 73' lang='lat' dir='ltr'><strong>choragium</strong></span> <span class='ocrx_word' id='word_1_196' title='bbox 1026 3980 1197 4053; x_wconf 85' lang='lat' dir='ltr'><strong>istormn.</strong></span> 
     </span>
     <span class='ocr_line' id='line_1_30' title="bbox 53 4098 1199 4199; baseline -0.003 -24"><span class='ocrx_word' id='word_1_197' title='bbox 53 4101 178 4199; x_wconf 77' lang='lat' dir='ltr'><strong>Atque</strong></span> <span class='ocrx_word' id='word_1_198' title='bbox 211 4101 400 4199; x_wconf 83' lang='lat' dir='ltr'><strong>exquisite</strong></span> <span class='ocrx_word' id='word_1_199' title='bbox 433 4101 529 4175; x_wconf 91' lang='lat' dir='ltr'><strong>mihi</strong></span> <span class='ocrx_word' id='word_1_200' title='bbox 560 4101 712 4178; x_wconf 70' lang='lat' dir='ltr'><strong>videtin</strong></span> <span class='ocrx_word' id='word_1_201' title='bbox 743 4100 924 4199; x_wconf 89' lang='lat' dir='ltr'><strong>scriptum</strong></span> <span class='ocrx_word' id='word_1_202' title='bbox 948 4122 1032 4173; x_wconf 84' lang='lat' dir='ltr'><strong>esse</strong></span> <span class='ocrx_word' id='word_1_203' title='bbox 1055 4098 1199 4172; x_wconf 79' lang='lat' dir='ltr'><strong>choru-</strong></span> 
     </span>
     <span class='ocr_line' id='line_1_31' title="bbox 49 4216 1197 4319; baseline -0.003 -25"><span class='ocrx_word' id='word_1_204' title='bbox 49 4217 166 4315; x_wconf 75' lang='lat' dir='ltr'><strong>giam</strong></span> <span class='ocrx_word' id='word_1_205' title='bbox 188 4217 355 4294; x_wconf 78' lang='lat' dir='ltr'><strong>istorum</strong></span> <span class='ocrx_word' id='word_1_206' title='bbox 379 4245 452 4319; x_wconf 86' lang='lat' dir='ltr'><strong>pro</strong></span> <span class='ocrx_word' id='word_1_207' title='bbox 478 4220 640 4319; x_wconf 88' lang='lat' dir='ltr'><strong>simplici</strong></span> <span class='ocrx_word' id='word_1_208' title='bbox 665 4219 783 4313; x_wconf 79' lang='lat' dir='ltr'><strong>istos,</strong></span> <span class='ocrx_word' id='word_1_209' title='bbox 817 4219 909 4317; x_wconf 82' lang='lat' dir='ltr'><strong>qnia</strong></span> <span class='ocrx_word' id='word_1_210' title='bbox 934 4217 1117 4295; x_wconf 81' lang='lat' dir='ltr'><strong>convivae</strong></span> <span class='ocrx_word' id='word_1_211' title='bbox 1141 4216 1197 4290; x_wconf 94' lang='lat' dir='ltr'><strong>illi</strong></span> 
     </span>
     <span class='ocr_line' id='line_1_32' title="bbox 52 4336 1198 4414; baseline -0.001 -2"><span class='ocrx_word' id='word_1_212' title='bbox 52 4338 104 4412; x_wconf 82' lang='lat' dir='ltr'><strong>ad</strong></span> <span class='ocrx_word' id='word_1_213' title='bbox 128 4361 291 4413; x_wconf 74' lang='lat' dir='ltr'><strong>menam</strong></span> <span class='ocrx_word' id='word_1_214' title='bbox 314 4338 474 4414; x_wconf 84' lang='lat' dir='ltr'><strong>adhibiti</strong></span> <span class='ocrx_word' id='word_1_215' title='bbox 499 4348 585 4414; x_wconf 89' lang='lat' dir='ltr'><strong>sunt</strong></span> <span class='ocrx_word' id='word_1_216' title='bbox 608 4337 729 4413; x_wconf 82' lang='lat' dir='ltr'><strong>induti</strong></span> <span class='ocrx_word' id='word_1_217' title='bbox 754 4337 904 4413; x_wconf 88' lang='lat' dir='ltr'><strong>sconico</strong></span> <span class='ocrx_word' id='word_1_218' title='bbox 922 4337 1081 4411; x_wconf 88' lang='lat' dir='ltr'><strong>deornm</strong></span> <span class='ocrx_word' id='word_1_219' title='bbox 1104 4336 1198 4411; x_wconf 75' lang='lat' dir='ltr'><strong>‹loa-</strong></span> 
     </span>
     <span class='ocr_line' id='line_1_33' title="bbox 52 4455 1198 4557; baseline -0.001 -26"><span class='ocrx_word' id='word_1_220' title='bbox 52 4480 219 4555; x_wconf 77' lang='lat' dir='ltr'><strong>nmque</strong></span> <span class='ocrx_word' id='word_1_221' title='bbox 241 4457 395 4550; x_wconf 89' lang='lat' dir='ltr'><strong>habitu,</strong></span> <span class='ocrx_word' id='word_1_222' title='bbox 435 4481 513 4556; x_wconf 93' lang='lat' dir='ltr'><strong>quo</strong></span> <span class='ocrx_word' id='word_1_223' title='bbox 538 4456 700 4532; x_wconf 85' lang='lat' dir='ltr'><strong>fortasse</strong></span> <span class='ocrx_word' id='word_1_224' title='bbox 726 4477 916 4557; x_wconf 83' lang='lat' dir='ltr'><strong>quemque</strong></span> <span class='ocrx_word' id='word_1_225' title='bbox 950 4455 1198 4532; x_wconf 82' lang='lat' dir='ltr'><strong>convivarum</strong></span> 
     </span>
     <span class='ocr_line' id='line_1_34' title="bbox 53 4574 1198 4676; baseline -0.003 -25"><span class='ocrx_word' id='word_1_226' title='bbox 53 4576 299 4651; x_wconf 77' lang='lat' dir='ltr'><strong>instrtuissct</strong></span> <span class='ocrx_word' id='word_1_227' title='bbox 323 4574 462 4676; x_wconf 87' lang='lat' dir='ltr'><strong>hospes</strong></span> <span class='ocrx_word' id='word_1_228' title='bbox 494 4574 734 4652; x_wconf 71' lang='lat' dir='ltr'><strong>Octavianam.</strong></span> <span class='ocrx_word' id='word_1_229' title='bbox 786 4576 866 4651; x_wconf 87' lang='lat' dir='ltr'><strong>llac</strong></span> <span class='ocrx_word' id='word_1_230' title='bbox 889 4574 1198 4676; x_wconf 80' lang='lat' dir='ltr'><strong>interpretatione</strong></span> 
     </span>
     <span class='ocr_line' id='line_1_35' title="bbox 51 4693 1197 4797; baseline -0.004 -25"><span class='ocrx_word' id='word_1_231' title='bbox 51 4718 134 4772; x_wconf 84' lang='lat' dir='ltr'><strong>nou</strong></span> <span class='ocrx_word' id='word_1_232' title='bbox 166 4696 284 4776; x_wconf 78' lang='lat' dir='ltr'><strong>modo</strong></span> <span class='ocrx_word' id='word_1_233' title='bbox 314 4694 403 4797; x_wconf 85' lang='lat' dir='ltr'><strong>plus</strong></span> <span class='ocrx_word' id='word_1_234' title='bbox 433 4695 647 4772; x_wconf 81' lang='lat' dir='ltr'><strong>acerbitatis</strong></span> <span class='ocrx_word' id='word_1_235' title='bbox 670 4720 716 4773; x_wconf 91' lang='lat' dir='ltr'><strong>ac</strong></span> <span class='ocrx_word' id='word_1_236' title='bbox 741 4694 992 4775; x_wconf 78' lang='lat' dir='ltr'><strong>cavillationis</strong></span> <span class='ocrx_word' id='word_1_237' title='bbox 1015 4693 1087 4769; x_wconf 88' lang='lat' dir='ltr'><strong>toti</strong></span> <span class='ocrx_word' id='word_1_238' title='bbox 1110 4694 1197 4768; x_wconf 88' lang='lat' dir='ltr'><strong>loco</strong></span> 
     </span>
    </p>
   </div>
   <div class='ocr_carea' id='block_1_3' title="bbox 0 0 1348 5236">
    <p class='ocr_par' dir='ltr' id='par_1_3' title="bbox 0 0 1348 5236">
     <span class='ocr_line' id='line_1_36' title="bbox 0 0 1348 5236; baseline 0 4"><span class='ocrx_word' id='word_1_239' title='bbox 0 0 1348 5236; x_wconf 95' lang='lat' dir='ltr'><strong> </strong></span> 
     </span>
    </p>
   </div>
  </div>
 </body>
</html>
