2670 5294
487 302 692 354 excussus
719 302 775 353 ιν.
1126 280 1199 357 331

51 462 149 541 Post
180 462 329 541 cladem
361 462 644 563 Philippensem
685 464 781 540 alius
821 465 896 540 alio
941 490 984 540 se
1028 468 1200 542 contulit:

54 584 282 678 Horatium,
327 582 462 658 decisis
495 582 680 657 humilem
714 584 848 683 pennis
877 583 1109 682 inopemque
1135 610 1202 683 pa-

54 703 161 777 terni
194 710 236 776 et
267 701 356 776 laris
388 707 429 776 et
463 700 593 795 fiunti,
635 710 834 800 paupertas
874 703 1027 801 impulit
1062 705 1201 793 asulax,

56 822 117 895 uti
133 820 264 896 scribit
283 819 391 894 Libr.
407 818 460 894 Π.
486 818 606 919 Epist.
625 825 664 895 2.
690 846 728 896 v.
747 820 823 914 50„
848 828 891 894 ut
909 846 1041 897 versus
1061 821 1204 894 l'aceret

57 938 227 1034 Romae,
277 962 394 1036 quam
440 948 546 1013 recta
589 941 836 1014 contenderat
877 962 931 1013 ox
970 940 1204 1039 Philippensi

58 1080 217 1156 camp03
263 1057 489 1132 Ciceronem
530 1064 662 1131 contra
700 1080 786 1132 seso
828 1053 1074 1156 conjunxisse
1116 1082 1203 1131 oum

60 1174 191 1251 (laesio
221 1175 415 1250 Parmensi
450 1183 489 1250 et
520 1199 609 1250 cum
643 1200 690 1251 eo
729 1178 777 1250 ad
816 1174 925 1251 Sext.
976 1173 1205 1276 Pompeium

59 1294 276 1389 transiisse,
318 1292 515 1368 narratimi
545 1294 707 1394 legimus
739 1296 788 1368 ab
813 1295 989 1392 Appiano
1015 1296 1062 1368 dc
1088 1296 1132 1366 B.
1163 1296 1205 1367 G.

58 1410 172 1486 Libr.
195 1412 243 1487 V.
270 1436 303 1489 c.
323 1415 362 1487 2.
388 1411 509 1488 etIV.
535 1436 569 1487 c.
588 1410 650 1486 5l.
688 1412 802 1486 Facta
820 1413 958 1485 deiude
978 1434 1066 1484 cum
1083 1411 1206 1485 Sexto

59 1526 250 1631 Pompeio
289 1531 340 1604 ad
370 1530 561 1606 Misenum
593 1553 627 1605 a.
653 1532 697 1605 U.
726 1529 767 1604 C.
796 1532 885 1604 715.
918 1554 941 1603 a
975 1529 1206 1604 Trisunviris

57 1670 180 1747 paee,
223 1648 339 1723 etiam
373 1648 506 1724 Cicero
534 1649 621 1725 Cos.
646 1647 747 1722 filius
777 1648 975 1723 restitutus
1009 1672 1097 1721 omn
1123 1647 1206 1720 aliis

58 1766 211 1843 civibus
247 1767 470 1867 proscriptis
511 1792 594 1843 esse
636 1775 676 1842 et
715 1767 764 1841 ad
798 1791 887 1840 suos
921 1768 1019 1840 lares
1051 1765 1208 1839 rediisse

60 1884 230 1962 naseu.
278 1866 362 1962 seu
387 1894 432 1960 ut
456 1887 612 1963 susus
637 1894 676 1962 et
702 1886 745 1958 in
770 1886 877 1958 eme
903 1886 1033 1959 castus
1058 1894 1208 1958 uman-

60 2028 144 2105 quo
175 2001 414 2104 disjrmxerat
447 2004 598 2080 diversa
638 2003 781 2104 ingenii
815 2004 1006 2101 animique
1048 2004 1208 2096 indoles,

59 2123 118 2199 ita
150 2123 296 2198 Romae
329 2146 485 2222 quoque
516 2122 716 2196 Horatirun
741 2146 765 2196 a
790 2123 995 2215 Cicerone,
1035 2123 1208 2219 quamvis

60 2266 137 2343 per
171 2239 422 2318 Octavianam
456 2242 506 2314 ad
537 2240 703 2314 honores
735 2242 1049 2341 magistratusque
1075 2246 1210 2315 evecto

62 2360 255 2437 alienabat
279 2361 561 2457 alienatumque
577 2360 730 2433 tenebat
747 2384 894 2433 sulmna
920 2382 1071 2431 morum
1088 2357 1210 2432 vitae·

64 2500 149 2577 que
162 2478 440 2571 dissimilitudo,
466 2478 499 2552 si
517 2478 670 2576 quidem
689 2477 752 2550 ille
769 2478 810 2549 in
828 2478 907 2550 dios
923 2476 1043 2575 magis
1067 2474 1209 2573 magis-

62 2620 147 2695 que
169 2618 194 2672 a
216 2598 336 2697 patris
360 2596 500 2673 virtute
518 2598 775 2697 degeneraret.
826 2592 911 2668 Non
926 2600 1076 2692 poterat
1092 2593 1213 2665 latore

64 2714 290 2811 Horatium,
316 2722 397 2789 tam
422 2723 622 2791 emunctae
647 2715 750 2789 naris
768 2713 975 2807 homnem,
1003 2712 1093 2785 huie
1109 2712 1211 2785 Con-

64 2833 161 2909 sulis
174 2835 312 2936 magni
335 2833 414 2908 filio
437 2833 595 2910 virtutos
621 2856 755 2909 omues
780 2830 931 2926 deesse,
957 2840 1153 2930 stuporem
1176 2836 1214 2903 ot

67 2953 164 3029 vitia
188 2956 341 3048 adesso,
375 2960 420 3028 ut
442 2951 545 3026 haud
569 2951 762 3025 immerito
792 2948 829 3026 J.
855 2950 1006 3049 Lipsius
1031 2946 1214 3050 judicavit

68 3072 120 3147 de
135 3072 203 3147 illo
226 3073 275 3147 ad
291 3070 478 3147 Senecam
498 3069 547 3145 de
561 3068 692 3146 Benei.
718 3068 826 3143 Libr.
843 3068 912 3141 IV.
939 3094 972 3144 c.
990 3071 1076 3144 30.:
1102 3068 1213 3163 „Non

67 3190 155 3266 siue
177 3190 326 3267 rationo
349 3214 455 3266 sacra
480 3195 537 3264 est
560 3212 785 3289 magnarum
809 3188 995 3263 virutuun
1017 3187 1213 3278 memoria,

69 3318 111 3385 et
135 3332 222 3383 esse
246 3310 376 3407 plures
402 3308 524 3383 bonos
548 3302 677 3407 juvat,
712 3307 746 3379 si
771 3307 893 3406 gratia
917 3307 1108 3378 bonor-mn
1133 3328 1213 3376 non

71 3450 163 3504 urm
194 3425 288 3526 ipsis
322 3427 439 3502 cadat
501 3424 727 3500 Ciceronem
752 3423 874 3499 iilimn
898 3445 998 3525 quae
1024 3446 1086 3497 res
1112 3421 1213 3497 Gon-

71 3546 197 3621 aulem
220 3544 330 3640 fecit,
363 3544 437 3617 nisi
462 3538 626 3644 pater?“

149 3663 389 3764 Quapropter
430 3662 576 3739 nemini
617 3661 859 3737 mirationem
900 3658 1027 3737 facere
1066 3660 1217 3759 poterit,

70 3782 179 3881 quod
211 3781 264 3856 Μ.
294 3782 427 3857 Cicero
460 3780 559 3857 filius
594 3805 783 3881 nusquam
815 3804 838 3855 a
871 3778 992 3855 Poeta
1023 3776 1216 3854 Venusino

70 3923 201 3999 neque
224 3924 314 3976 otim
338 3900 452 3975 laude
474 3922 601 3999 neque
626 3925 714 3976 cum
745 3900 1022 3999 vituperatione
1048 3922 1217 3974 commo-

68 4026 242 4095 moratus
266 4018 328 4094 sit.
377 4017 572 4093 Falluntrn·
596 4019 721 4114 cuim,
746 4018 879 4125 quiin
917 4042 997 4095 uuo
1017 4024 1082 4094 aut
1100 4016 1220 4094 altero

69 4136 287 4215 Satis-amm
303 4137 391 4215 looo
406 4135 979 4239 emnperstriugi'suspieontm.
1042 4137 1109 4214 Sic
1134 4161 1222 4213 urm

72 4257 114 4333 in
147 4256 259 4333 libri
291 4256 325 4332 Ι.
362 4254 490 4332 Satira
528 4268 649 4335 sextu
692 4254 753 4331 bis
797 4266 1031 4333 memoretur
1069 4252 1221 4332 Tullius

72 4377 175 4474 sive,
218 4374 391 4455 variante
424 4374 590 4452 sommis
626 4373 836 4476 scripura,
885 4374 1028 4452 Tidius
1053 4370 1219 4473 quidam,
