2670 5294
503 1068 823 1149 EXGURSUS
861 1072 893 1148 Ι.

666 1274 732 1337 nr

297 1410 343 1499 C.
383 1413 612 1503 ΝΟΝΙΟ
653 1416 1103 1505 ASPRENATE.

120 1565 261 1724 Apud
286 1626 513 1704 Suetonium
546 1630 588 1703 in
622 1629 701 1704 vit.
727 1631 887 1732 August.
913 1656 947 1706 e.
968 1634 1031 1706 43.
1057 1634 1268 1707 memoriae

117 1746 317 1842 proditum
337 1747 518 1847 legimuse
553 1748 629 1842 „In
656 1749 755 1823 circo
782 1751 929 1851 aurigas
953 1774 1202 1849 cursoresque
1233 1758 1273 1823 ot

118 1863 358 1940 confectores
379 1864 568 1961 ferarum,
595 1873 636 1941 et
651 1893 939 1965 nonnumquam
964 1893 1017 1943 ex
1036 1870 1268 1943 nobilissima

113 1979 344 2081 juventute,
387 1986 584 2084 produxit.
644 1984 724 2060 Sed
757 1996 795 2059 et
821 1984 962 2085 Trojae
995 1988 1123 2060 lusum
1149 1988 1271 2060 edidit

83 2164 92 2183 .
108 2100 449 2200 frequentissime,
476 2100 666 2204 majorum
683 2105 949 2203 minorumque
964 2130 1172 2202 puerorum
1198 2107 1267 2179 de-

109 2221 242 2295 lectu:
268 2222 380 2317 prisci
409 2223 615 2320 decorique
629 2224 747 2297 moris
764 2223 1007 2315 existimans,
1034 2222 1159 2295 clarae
1178 2224 1266 2295 stir-

104 2340 177 2441 pis
210 2339 380 2413 indolem
414 2342 469 2416 sie
502 2350 711 2415 notescere.
770 2338 815 2412 In
848 2340 921 2413 hoe
945 2340 1093 2414 ludicro
1120 2339 1162 2413 G.
1189 2340 1266 2413 No-

107 2459 228 2533 uium
250 2459 525 2556 Asprenatem,
559 2459 667 2557 lapsu
694 2459 950 2550 debilitatum,
985 2480 1103 2531 aureo
1129 2466 1265 2555 torque

112 2577 294 2666 donavit,
336 2601 547 2674 passusque
585 2585 662 2668 est,
703 2577 829 2674 ipsum
869 2584 1120 2676 posterosque
1163 2576 1265 2649 Tor-

114 2694 223 2794 quati
246 2693 350 2769 ferre
365 2718 591 2795 cognomen.
643 2694 738 2770 Mox
754 2694 871 2768 linem
888 2694 979 2769 lecit
1002 2695 1093 2768 talia
1113 2695 1265 2789 edendi,

115 2813 252 2887 Asinio
276 2812 449 2888 Pollione
475 2820 623 2887 oratore
649 2813 813 2911 graviter
844 2812 1106 2910 inuidioseque
1130 2814 1172 2886 in
1197 2838 1264 2887 eu-

116 2932 176 3007 rIa
200 2939 338 3029 questo
362 2931 564 3006 Aesernini
586 2930 733 3029 nepotis
758 2928 818 3003 sui
843 2954 991 3025 casum,
1025 2931 1093 3027 qui
1118 2940 1157 3007 et
1181 2931 1264 3029 ipso

117 3076 206 3127 erus
229 3049 439 3151 fregerat.“

220 3169 369 3243 Lusum
394 3163 553 3268 Troiae,
590 3168 639 3241 de
668 3161 776 3266 eujus
801 3166 947 3265 origine
973 3175 1013 3241 et
1039 3166 1262 3263 antiquitate

118 3287 299 3361 dixenmt
314 3286 443 3385 Intpp.
462 3287 511 3359 ad
525 3286 639 3359 Ilion.
658 3283 760 3359 Cass.
776 3283 882 3357 Libr.
896 3283 963 3354 LI.
983 3306 1015 3356 c.
1037 3287 1070 3355 Ι.
1097 3284 1184 3357 Vol.
1194 3284 1262 3357 Vl.

117 3405 204 3479 init.
226 3403 327 3480 soz.
344 3412 385 3477 et
409 3403 581 3500 Ileymius
604 3404 646 3477 in
671 3401 833 3475 Excrus.
854 3399 903 3475 V.
929 3401 978 3474 ad
1002 3400 1144 3500 Virgilii
1169 3398 1261 3473 Aen.

118 3522 225 3596 Libr.
246 3522 309 3614 V.,
335 3521 456 3597 fuisse
481 3534 675 3597 certamen
692 3526 867 3618 equestre
893 3514 1133 3617 ajuvenibus
1150 3518 1262 3589 nobi-

116 3640 216 3713 libus
233 3642 494 3733 eommissum,
512 3640 689 3715 novimus
699 3661 752 3712 ex
760 3638 873 3711 Dion.
885 3634 1102 3709 CassLibr.
1116 3633 1260 3708 XLIII.

117 3782 152 3832 e.
174 3758 240 3833 23.
292 3760 394 3833 Eum
418 3759 535 3858 igitur·
560 3758 688 3830 lusum
713 3758 901 3854 Augustus
924 3754 1087 3827 instituit
1105 3753 1261 3827 delectis

115 3876 247 3976 pueris
279 3874 489 3975 majoribus
513 3871 864 3969 minoribusqueh.
881 3895 917 3944 e.
944 3872 1016 3963 ais,
1043 3872 1261 3968 quiessent

116 4020 307 4071 annorum
335 3994 395 4068 14.
414 4017 535 4092 usque
560 3994 609 4066 ad
642 4015 678 4065 a.
708 3992 789 4063 la:
813 3989 881 4065 illo
907 3990 1009 4063 enim
1034 4015 1133 4065 anno
1150 3990 1262 4066 finic-

115 4112 233 4189 batur
256 4114 458 4212 pubertas,
483 4111 557 4184 lroc
576 4110 691 4209 plena
708 4108 900 4207 pubertas.
949 4106 1058 4182 Idem
1071 4109 1260 4211 Augustus

115 4232 228 4305 illum
260 4231 379 4307 edidit
408 4228 731 4327 frequentissime:
773 4251 849 4324 qua
880 4226 920 4300 in
945 4250 989 4301 re
1015 4229 1049 4301 si
1072 4229 1168 4304 fides
1192 4229 1261 4303 lra-

115 4350 203 4426 beri
239 4356 366 4451 potest
399 4348 513 4423 Dioni
545 4345 695 4441 Cassio,
736 4344 928 4421 mutuus
962 4346 1028 4421 illa
1071 4346 1323 4568 lusus?
