2670 5294
150 687 226 765 110
499 714 551 769 or
577 718 615 769 ι.
639 718 765 771 vnto
791 721 936 775 sorra.

148 874 332 975 pelleum
347 900 433 955 esse
445 880 896 985 mamma.
915 884 1155 975 emmam,
1182 910 1290 961 eum·

149 1019 226 1094 que
258 998 357 1073 adeo
389 998 557 1075 earmina
586 1002 768 1079 amatoria
798 1004 1006 1103 suipsisae.
1056 1003 1210 1081 Nollem
1234 1003 1289 1079 fn·

149 1115 274 1191 etnun!
306 1115 426 1214 Nam,
451 1126 494 1191 ut
517 1119 567 1193 ah
591 1119 666 1197 hoe
689 1123 836 1218 ordiar,
860 1124 911 1199 de
933 1123 1187 1223 praenomine
1209 1120 1289 1224 ejus

148 1262 229 1311 non
251 1244 381 1336 potest
403 1232 589 1339 Apuleius
612 1240 786 1317 adhiberi
808 1242 934 1335 testis,
959 1240 1175 1340 siquidem
1200 1241 1289 1316 nulli

148 1356 211 1431 alii
253 1355 570 1454 Semproniorum
610 1357 869 1437 Graeohorum
907 1358 1021 1435 sexu
1057 1384 1289 1460 praenomen

148 1474 265 1551 hrisee
293 1483 532 1575 oompestmn
563 1477 763 1575 habemus.
822 1480 913 1554 Ant.
936 1478 1090 1553 Delrius
1121 1479 1164 1555 in
1189 1477 1290 1575 Syn·

148 1600 266 1693 tagm-
299 1590 416 1695 Trag.
457 1594 544 1672 lna
578 1596 664 1673 Vol.
689 1596 722 1673 Ι.
754 1600 880 1699 pau.
920 1598 1090 1697 scripsit:
1131 1594 1290 1693 „Iunius

149 1712 365 1807 lineolam,
389 1715 478 1813 qui,
512 1726 670 1794 auctore
695 1717 950 1813 Terentiano,
983 1717 1198 1813 Thyestem
1224 1719 1289 1792 ‹lo-

148 1834 246 1909 uritz
280 1835 384 1909 unde
408 1831 590 1913 Ovidius:
632 1835 730 1913 Cum
753 1836 892 1913 Varius
917 1836 1194 1935 Graoohusque
1226 1836 1288 1909 da·

148 1961 236 2030 rent
260 1952 343 2029 lara
367 1953 469 2029 dieta
492 1959 699 2051 tyrannof‘
748 1954 798 2030 Et
812 1956 973 2033 Bothius
988 1957 1032 2031 in
1048 1955 1159 2031 Poet.
1178 1951 1287 2029 Seen.

147 2068 235 2147 Lat.
261 2072 344 2149 Vol.
361 2070 410 2153 V.
434 2072 479 2157 P.
499 2077 535 2149 l.
559 2102 600 2175 p.
619 2075 709 2151 258.
733 2075 776 2149 iu
798 2076 927 2151 madio
944 2074 1145 2174 relinqunt,
1175 2073 1288 2168 Cujus

147 2192 361 2286 Juniuane,
406 2216 457 2267 an
490 2193 743 2294 &summum
766 2218 1001 2295 praenomen
1032 2192 1124 2268 huic
1155 2200 1287 2291 poetae

146 2310 285 2405 luerit,
305 2319 352 2385 et
376 2320 509 2387 eonna
521 2310 697 2389 Delrium
719 2321 872 2409 mouet,
896 2314 1001 2413 apud
1017 2311 1287 2388 Terentianum

147 2430 245 2505 nihil
276 2430 354 2531 legi
386 2432 436 2507 ‹la
471 2430 635 2507 Graoehi
666 2433 851 2530 Thyeste.
916 2432 964 2507 N.
989 2430 1192 2507 llaimium
1224 2454 1286 2505 vo·

148 2550 263 2625 luisse
297 2550 480 2625 Macrobii
506 2548 664 2626 Satura.
689 2552 794 2627 Lihr.
810 2550 861 2626 ll.
887 2578 922 2628 e.
944 2552 983 2627 4.
1008 2573 1154 2625 nomen
1179 2545 1289 2623 Lucii

150 2668 326 2745 lirruclu'
355 2666 576 2770 ooujeetura
609 2670 771 2767 inferre,
805 2672 948 2747 dietum
978 2675 1038 2745 est
1069 2665 1150 2769 jam
1184 2688 1286 2765 supra

147 2802 180 2880 §.
197 2794 234 2864 2.
259 2790 303 2863 Ν.
323 2789 361 2863 5.
421 2789 594 2865 Praestat
626 2813 673 2865 ea
705 2790 746 2865 in
777 2815 823 2866 re
850 2814 961 2865 suam
986 2786 1163 2864 confiteri
1187 2787 1285 2887 iguo-

146 2909 330 3001 rentiam,
357 2932 474 3007 quam
489 2908 666 2983 inanibus
688 2908 886 3011 indulgere
908 2906 1200 3006 suspicionibus.
1248 2903 1284 2977 ld

146 3036 295 3103 tantum
328 3026 439 3102 nobis
473 3028 833 3124 exploratissimum·
855 3035 933 3121 est,
965 3027 1141 3127 Arrguuto
1173 3025 1286 3121 impe·

144 3155 254 3222 rante
285 3146 430 3221 Romae
462 3144 608 3221 vixisse
648 3146 863 3223 Graoehtun
894 3154 1069 3245 poetam,
1115 3142 1167 3217 L.
1192 3138 1286 3215 Varii

145 3266 348 3365 aequalem
382 3272 420 3339 et
444 3266 649 3367 tragoediis
674 3266 883 3341 seribendis
908 3264 1066 3341 elerum.
1135 3260 1287 3337 Ovidius

143 3388 194 3461 «la
217 3385 316 3461 faeie
339 3412 432 3462 eum
466 3392 715 3487 cognoverat,
740 3381 824 3485 eim
838 3383 1048 3479 Thyestem
1064 3380 1289 3482 tragoediam

144 3511 384 3605 spectaverat
408 3517 450 3583 et
475 3530 563 3583 eam
585 3505 629 3581 in
652 3506 717 3581 illa
741 3529 795 3580 ex
818 3503 942 3580 Ponto
966 3500 1126 3600 epistola
1151 3496 1290 3601 pristim

145 3625 331 3723 temporis
372 3628 600 3702 memoriam
643 3622 848 3726 jurmmdam
880 3630 1061 3721 repetens
1098 3642 1181 3693 non
1218 3616 1291 3691 sine

147 3743 262 3819 laude
294 3753 584 3822 oommemorat.
649 3739 772 3845 llujua
804 3741 1021 3843 tragoediae
1051 3747 1094 3813 et
1124 3734 1220 3813 alibi
1252 3732 1292 3807 lit

144 3862 304 3940 mentio.
364 3862 670 3940 serranianus
695 3861 803 3936 Lihr.
826 3860 894 3935 VI.
926 3886 965 3959 p.
985 3859 1076 3934 71⁹.
1100 3854 1148 3931 P.
1183 3879 1218 3931 e.
1237 3852 1293 3928 le

145 3978 262 4072 585.
286 3982 359 4057 Kr.
386 3982 611 4078 „Graeehus
637 3980 680 4055 in
704 3980 895 4076 Thyestes

198 4100 340 4179 Mersit
365 4101 561 4203 sequentia
583 4097 796 4174 humidum
812 4095 968 4199 plantis
992 4095 1206 4179 humum.“

142 4217 353 4322 Bmtlejus,
378 4220 447 4321 qui
462 4219 565 4297 hune
579 4220 801 4295 trirnahum
817 4219 867 4293 ad
881 4215 1029 4294 Horatii
1036 4215 1085 4287 Δ.
1097 4213 1143 4289 Ρ.
1163 4212 1293 4291 ultio,

146 4340 294 4434 athilit,
335 4341 585 4441 probaturum,
631 4338 738 4439 leges
779 4335 1015 4412 Graeoonma
1056 4331 1296 4409 exactissime

143 4464 313 4533 servatm
346 4482 433 4534 esse
462 4484 485 4534 a
512 4458 690 4561 Tragieis
713 4456 872 4531 lloratio
902 4442 1028 4531 aetate
1055 4451 1294 4552 supparibus,

143 4574 221 4677 lagi
250 4574 390 4651 maluit
416 4580 585 4678 plantas
623 4601 695 4677 pro
729 4576 831 4677 vulg.
858 4572 1036 4675 plumis,
1076 4570 1295 4647 existimaus

144 4694 312 4771 aem
334 4696 614 4774 nominativum
638 4693 812 4779 neutrius
835 4691 987 4797 generis
1013 4712 1113 4767 esse.
1176 4685 1295 4767 Kreh·
