2670 5294
403 282 453 331 oa
480 282 616 333 cnssro
639 284 858 335 rsurrnusr.
1131 264 1207 341 213

51 446 150 519 dum
186 450 275 518 sunt
310 466 357 519 ac
388 442 594 543 perplexa,
636 453 752 547 atquc
783 446 1066 549 interpolat-icc
1088 450 1206 528 libra·

51 561 202 639 tionum
225 586 344 637 manu
368 570 447 637 nm
472 563 690 659 obscurata,
721 574 764 640 ut
789 567 1053 645 diversissimis
1078 570 1206 647 homi·

51 706 151 757 mun
185 682 424 758 eruditorum
457 683 700 782 opinionibus
732 687 920 783 patuerint
955 689 1110 789 dicique
1136 689 1206 765 vix

52 802 196 903 possit,
239 808 335 901 quot
369 810 408 877 et
441 810 603 901 quantae
632 804 722 879 iude
745 811 856 880 natoe
881 807 958 881 siut
983 815 1207 886 controver-

52 920 135 997 siae
167 923 218 996 ed
250 930 423 996 nostram
458 946 579 1020 usque
611 910 838 998 memoriam
871 925 1044 1026 agitatae.
1106 929 1206 1020 Qum

50 1064 177 1141 quum
202 1063 434 1139 componere
460 1042 678 1142 aggredior,
703 1068 784 1118 non
807 1066 872 1119 me
895 1046 1095 1142 praeterit,
1121 1047 1206 1146 ple·

50 1182 198 1259 raquo,
225 1182 325 1259 quse
348 1159 420 1234 isac
434 1160 475 1233 in
491 1184 623 1235 carnea
647 1162 688 1235 iu
710 1163 1021 1261 disceptationem
1035 1164 1203 1258 veniant,

51 1304 134 1355 non
160 1280 330 1355 ducende
354 1301 439 1353 csse
464 1302 518 1353 ex
543 1281 657 1354 certis
683 1303 729 1356 ac
753 1281 963 1381 perspicuis
979 1282 1206 1383 scriptorum

51 1398 302 1491 testimoniis,
346 1399 415 1472 sed
457 1422 510 1473 ex
543 1394 788 1498 conjeotruis,
829 1422 994 1497 qsranms
1026 1424 1101 1500 ope
1134 1424 1206 1477 nos

54 1518 187 1593 tenuia
220 1540 353 1591 rerum
393 1524 690 1616 temporumque
732 1517 893 1619 vestigia
934 1526 1206 1619 persequentes

52 1636 259 1736 anquirere
283 1642 477 1735 oporteat,
511 1636 606 1733 quid
630 1636 715 1712 veri
739 1637 788 1712 sit
812 1638 1061 1713 simillimum.

158 1755 217 1830 Ac
247 1754 417 1855 primum
450 1754 609 1854 quidem
639 1756 822 1832 nonnulla
856 1757 1019 1833 dicenda
1042 1763 1133 1832 sunt
1158 1758 1206 1833 de

51 1874 210 1951 illorum
249 1882 450 1974 poetarum
491 1874 733 1972 nominibus,
775 1900 874 1976 qsrse
914 1876 1051 1951 itidem
1093 1874 1208 1951 variis

53 1989 286 2095 conjecturis
324 1994 595 2092 erroribusque
630 1996 795 2071 obnoxia
833 1994 998 2070 fuerunt.
1066 1996 1208 2087 Quam·

53 2136 173 2213 qsmm
191 2118 359 2211 uterque
382 2110 503 2187 Poeta
532 2113 582 2186 ab
607 2113 765 2189 Horatio
799 2114 1020 2213 simpliciter
1049 2112 1208 2189 Cassius

53 2230 271 2333 appellatur
296 2238 336 2305 et
360 2232 459 2306 alter
483 2232 664 2324 Etrusci,
689 2234 785 2307 alter
800 2230 1029 2307 Parmensis
1054 2230 1208 2306 nominc

54 2349 271 2453 insignitum
309 2356 439 2425 tamon
471 2352 572 2427 haud
599 2351 710 2450 pauci
743 2349 853 2425 fumo
878 2349 960 2424 Viri
983 2349 1114 2441 Docti,
1140 2349 1207 2447 qui

54 2469 211 2569 utrique
236 2493 446 2570 cognomen
470 2470 604 2545 Severi
625 2469 879 2569 imponerent.
942 2466 1030 2563 Sic,
1063 2475 1109 2541 ut
1131 2467 1207 2543 hoc

54 2598 164 2684 utar,
197 2588 278 2667 Jac.
306 2586 497 2686 Cnsquius
531 2589 671 2689 aliique
703 2587 850 2663 Horatii
882 2586 1051 2662 editores
1078 2584 1206 2661 Cassio

55 2708 221 2784 Etnssco
244 2704 379 2781 Severi
400 2731 612 2809 cognomen
634 2707 800 2782 inditum
823 2703 940 2781 fuisse
965 2706 1106 2782 dicimt.
1157 2703 1208 2778 Et

55 2827 208 2905 Gessium
238 2825 474 2920 Parmensis,
517 2828 567 2902 de
601 2852 681 2926 quo
714 2826 840 2903 omnis
873 2825 970 2901 haec
1003 2824 1158 2924 scriptio
1184 2848 1208 2899 a

53 2946 170 3025 nobis
194 2954 371 3045 suscepta
395 2954 473 3039 est,
500 2969 522 3020 a
547 2945 647 3021 Viris
663 2944 795 3022 Bootis
819 2952 970 3019 tantum
984 2970 1063 3020 non
1081 2943 1208 3019 omni·

55 3066 133 3141 bus
182 3064 376 3163 hodieque
427 3064 618 3140 nominari
658 3072 698 3139 et
748 3064 904 3167 allegari
943 3064 1041 3140 solct
1088 3064 1208 3158 Cetius

57 3182 221 3265 cusin
235 3184 710 3281 emmerammum.
761 3184 814 3258 At
837 3208 966 3283 neque
987 3180 1076 3277 Gaii
1096 3205 1209 3280 prae·

55 3326 202 3383 nomon
225 3328 298 3379 neo
323 3302 460 3377 Severi
483 3326 695 3405 cognomen
729 3302 843 3376 ullius
868 3300 1086 3375 testimonio
1113 3300 1209 3373 sori-

54 3422 181 3525 ptoris
204 3430 332 3523 potest
356 3420 513 3496 firmari.
566 3422 624 3498 De
647 3420 874 3521 cognomine
899 3442 986 3494 cum
1007 3413 1087 3518 jam
1111 3415 1210 3491 dioi-

56 3536 157 3641 tsjus
180 3540 389 3641 prudenter
413 3540 672 3629 admonuerit,
707 3546 768 3613 est
798 3562 890 3614 saue
915 3534 1021 3636 quod
1045 3535 1209 3629 mireris,

55 3657 154 3735 illud
177 3660 381 3759 probatum
405 3682 491 3735 esse
507 3660 556 3733 sb
570 3656 761 3734 Kordesio
786 3657 835 3730 ad
850 3653 1080 3730 Eberhardti
1097 3655 1209 3728 libne

62 3774 186 3855 veter
217 3778 258 3855 d.
283 3780 466 3853 Zostand
499 3780 539 3852 d.
573 3777 707 3852 achiin.
736 3773 968 3857 Wissenach.
994 3774 1029 3848 d.
1057 3774 1096 3846 d.
1122 3774 1209 3847 Rii-

55 3920 191 3990 mern,
217 3896 331 3987 §.34
356 3923 395 3998 p.
416 3898 502 3973 190.
555 3895 629 3989 Qui
653 3896 798 3970 ibidem
824 3894 874 3969 eb
892 3892 1083 3968 Kordesio
1102 3916 1211 3968 com·

56 4022 294 4093 mammas
306 4026 365 4095 est
379 4014 629 4103 turronem
642 4012 1042 4115 iutiomonymoscop.
1055 4038 1094 4114 p.
1107 4013 1210 4108 408,

147 4226 204 4295 1¹1)
234 4220 368 4283 Sufficiet
392 4240 631 4283 commemorasse
656 4219 885 4281 recentissimum
921 4229 952 4281 st
982 4218 1212 4279 isudntissirnurn

56 4328 99 4369 ιι
118 4304 175 4369 irco
194 4328 303 4387 gonaro
322 4308 447 4367 librum:
467 4303 538 4367 ch.
563 4302 633 4367 etr.
656 4302 714 4367 Fr.
737 4302 867 4367 Bcrdrii
890 4301 1058 4370 eaodem
1077 4302 1108 4363 d.
1121 4301 1208 4362 Rom.

58 4390 224 4457 [itm
249 4396 278 4475 ς.
296 4398 349 4457 85.
371 4414 402 4471 p.
418 4398 471 4457 87.
494 4390 541 4455 ed.
559 4398 589 4454 2.
