2670 5294
140 654 219 731 232
490 680 541 732 nn
568 679 704 734 cassio
732 680 954 732 ranarum.

88 816 94 827 ¹
144 843 280 927 Cossio
307 842 433 937 dedit,
464 843 676 944 quidquam
701 843 910 937 detrabit,
928 842 1000 918 sed
1023 854 1186 918 tautum
1197 844 1289 945 ser-

139 965 226 1041 vitii
241 962 396 1060 ingatii
417 962 462 1037 in
480 963 653 1036 verrius
660 963 890 1061 fundana
915 963 1154 1038 celeritatem
1177 976 1216 1037 et
1232 963 1291 1036 ia·

143 1087 193 1159 de
206 1097 350 1158 natam
365 1065 555 1156 limmata
571 1082 863 1156 rnidtitudirwm
876 1081 1170 1180 reprehendit.“
1209 1080 1290 1156 Su·-

141 1204 233 1277 licet
256 1201 505 1275 Ruhnkeuius
530 1200 572 1272 in
596 1200 754 1275 Acconis
771 1200 1035 1294 adnotatione,
1063 1225 1183 1299 quiam
1199 1202 1289 1275 alle-

141 1330 224 1424 gat,
269 1328 328 1394 tot
359 1319 482 1392 inesse
516 1320 606 1392 dicit
639 1344 812 1412 errores,
857 1326 951 1417 quot
977 1318 1125 1431 ¹verba!
1167 1319 1219 1392 At
1242 1320 1288 1393 ab

141 1439 291 1532 Acrona
331 1437 535 1510 Etruscum
569 1437 741 1513 Cassiimr
771 1435 856 1537 jure
890 1438 1109 1536 meritoque
1147 1438 1291 1512 dicuim

143 1581 229 1633 esse
261 1563 417 1654 poetam
450 1557 614 1648 maban,
648 1582 728 1630 non
763 1558 866 1655 quod
892 1557 1051 1648 multos,
1091 1559 1162 1631 sed
1189 1557 1289 1631 levat

142 1675 463 1775 imperfectosque
481 1699 616 1750 versus
634 1674 795 1769 fuderit,
823 1699 894 1775 ego
913 1685 943 1763 §.
964 1676 1002 1747 8.
1029 1676 1186 1749 abunde
1203 1700 1290 1773 prc-

143 1796 252 1872 bassc
277 1794 375 1868 mibi
400 1796 554 1885 videor,
580 1795 632 1867 ita
656 1802 721 1887 ut,
754 1794 823 1892 qui
849 1793 1020 1867 Cassium
1044 1795 1289 1868 Parmensem

143 1916 192 1990 ab
226 1914 383 1989 Horatio
416 1914 562 1988 laudari
596 1914 798 2006 concedat,
839 1921 884 1985 ut
915 1912 1192 2006 annuemus,
1226 1936 1290 1987 nc-

145 2033 308 2110 cessario
349 2040 557 2129 utrumque
593 2030 763 2106 Cassimn
802 2031 998 2107 diversinn
1035 2057 1121 2108 esse
1157 2032 1289 2107 debeat

144 2160 321 2228 statuere.
374 2152 458 2243 Quo
482 2150 624 2224 facum
650 2160 726 2244 est,
754 2159 800 2224 ut
824 2150 910 2245 alii,
936 2152 976 2223 in
1001 2151 1060 2225 his
1087 2150 1288 2251 Spohuius,

144 2297 262 2371 quem
295 2269 518 2369 posterioris
551 2271 759 2345 sententiaa
793 2277 989 2346 auctorem
1028 2271 1116 2346 dico
1149 2270 1288 2345 babeo-

146 2413 243 2489 quo,
279 2390 571 2482 contenderent,
597 2389 840 2465 Parmensem
867 2389 1039 2465 Cassium
1061 2389 1211 2490 pariter
1234 2412 1288 2463 re·

145 2508 378 2607 prehensum
421 2510 504 2582 'esso
548 2503 706 2608 ejusque
752 2509 920 2583 carmina
963 2532 1210 2607 nequaquam
1246 2506 1286 2580 ab

146 2628 306 2703 Horatio
333 2652 420 2701 cum
445 2628 555 2701 lauda
590 2628 894 2701 commemorari.
952 2629 1016 2702 Ad
1041 2629 1141 2701 hano
1169 2626 1288 2726 Spob·

145 2749 201 2821 nii
226 2747 484 2848 opinationem
510 2753 550 2819 ct
575 2745 870 2819 examinandam
895 2755 935 2821 et
961 2746 1203 2822 refutandam
1228 2768 1287 2819 ne·

148 2890 254 2942 cesse
296 2874 355 2940 est
387 2890 472 2940 rem
504 2864 618 2961 paulo
652 2864 765 2937 altius
802 2873 1016 2963 repetamus
1051 2874 1093 2941 et
1125 2867 1177 2941 de
1211 2864 1287 2938 mri-

148 3008 258 3061 versa
284 2986 385 3058 iilius
402 2983 592 3081 Epistolae
610 2981 836 3058 Horatianae
853 2985 1000 3060 ratione
1022 2981 1187 3087 ejusque
1205 3008 1287 3060 con·

147 3103 232 3178 silio
259 3104 506 3201 disputemus.

250 3221 300 3294 Et
330 3221 498 3318 primum
528 3221 632 3319 quod
667 3222 715 3295 ad
749 3229 924 3322 tempus,
959 3248 1034 3321 quo
1060 3224 1127 3297 illa
1154 3225 1206 3298 ad
1231 3222 1289 3297 Ti·

147 3340 297 3414 bullum
322 3342 409 3414 data
442 3363 524 3413 essa
557 3331 751 3435 videatur,
788 3343 943 3437 attinet,
983 3343 1054 3419 vix
1079 3350 1290 3418 memoratu

53 3546 56 3551 ¹
149 3459 308 3560 dignum
340 3458 477 3552 fucrit,
520 3460 625 3555 quod
660 3484 705 3534 ea
730 3462 778 3534 da
804 3486 848 3536 re
874 3462 1072 3561 proposuit
1098 3461 1291 3538 Massonm

148 3579 191 3653 in
225 3578 302 3652 vit.
335 3578 464 3651 Horat.
500 3579 548 3650 ad
581 3602 642 3651 an.
670 3579 715 3653 U.
743 3578 785 3653 G.
814 3582 903 3654 723.
928 3580 997 3655 vl.
1031 3578 1194 3680 p.155.
1259 3578 1292 3653 u

149 3698 275 3789 enbn,
314 3721 400 3771 cum
425 3694 606 3770 Horatius
642 3699 691 3771 dc
726 3698 855 3773 Cassio
889 3700 1087 3774 Parmensi
1120 3700 1294 3800 loquatur

149 3824 192 3891 ut
223 3824 398 3908 mortuo,
443 3822 480 3888 ct
512 3816 614 3889 lumo
650 3826 797 3891 constet
830 3820 989 3916 periisse
1023 3826 1111 3917 post
1136 3842 1294 3922 pugnam

149 3935 367 4028 Actiacam,
402 3934 442 4005 in
475 3934 603 4032 aprico
638 3960 722 4011 esse
748 3938 819 4030 ait,
856 3937 1066 4036 Epistolam
1091 3938 1201 4012 illam
1224 3960 1295 4012 non

149 4056 319 4153 potuisse
345 4053 460 4126 scribi
486 4062 572 4127 ante
597 4079 739 4129 annum
764 4056 810 4128 U.
838 4057 880 4130 C.
900 4059 989 4131 723.
1039 4056 1178 4155 Neque
1202 4054 1296 4131 mul·

150 4178 235 4245 tum
269 4173 481 4264 lucramur,
525 4173 558 4245 si
595 4198 683 4247 cum
717 4173 753 4249 J.
782 4176 830 4248 Η.
855 4173 991 4250 Vossio
1024 4176 1068 4249 in
1093 4175 1222 4251 Praei.
1253 4172 1297 4249 od

151 4291 351 4365 Tibullum
383 4319 423 4390 p.
449 4291 513 4365 Iv;
540 4291 739 4389 ponimus,
773 4294 913 4368 librum
938 4294 1201 4393 Epistolarum
1223 4293 1300 4367 Ho-

150 4411 381 4484 ratianarum
416 4410 583 4509 primum
615 4407 710 4510 juris
740 4413 881 4512 publici
913 4412 1054 4488 factum
1089 4436 1179 4489 csse
1204 4432 1299 4486 anno

151 4525 198 4597 U.
227 4524 269 4597 G.
296 4529 408 4621 733„
443 4530 496 4603 ita
529 4537 573 4602 ut
615 4538 704 4605 aute
738 4530 841 4606 humo
875 4556 1018 4606 annum
1048 4533 1113 4607 illa
1150 4552 1301 4632 quoque

150 4639 321 4741 Epistola
335 4649 549 4723 necessario
565 4647 683 4723 snserit
700 4651 923 4749 composita.
974 4649 1151 4749 Scimus,
1178 4651 1304 4725 eidam

154 4758 310 4840 Tibullo
344 4763 460 4841 etiam
490 4767 711 4872 inscriptam
742 4794 825 4848 essa
860 4771 911 4848 ab
942 4769 1103 4847 Horatio
1135 4766 1303 4848 Libril.

77 4878 136 4988 X
