2670 5294
466 338 517 386 ne
543 339 580 388 ι.
606 338 731 390 vauro
764 341 907 393 roura.
1180 320 1253 396 103

105 497 192 575 ue.
216 498 319 575 VIII.
354 524 394 577 v.
421 500 487 575 88.
520 525 563 600 p.
585 500 676 577 432.
715 498 956 601 conjectura,
1000 529 1077 604 qua
1117 488 1255 583 Vaiius

106 618 390 693 existinmudsn
421 624 479 693 est
511 619 656 696 luxisse
689 619 730 696 G.
756 619 849 695 Julii
882 622 1052 699 Caesaris
1084 626 1253 700 caedem.

104 737 219 812 Idem
244 738 456 836 suspicatus
488 744 549 813 est
573 738 814 814 lleinderlius
848 741 896 814 sd
921 740 1067 818 Horatii
1092 743 1205 820 Satin.
1221 745 1253 819 Ι.

111 855 176 931 lu.
203 880 242 932 v.
260 856 324 931 43.
375 857 479 951 Quae
504 858 663 957 quidem
681 858 846 957 aspicio
871 860 1029 936 mirifice
1055 860 1256 963 adjuvatur

107 982 326 1074 temporum
349 1000 560 1076 rerumque
583 976 814 1071 rationibus,
840 1003 935 1076 (psas
953 978 1074 1054 hasim
1093 983 1255 1080 exposui

107 1116 225 1192 supra
249 1093 337 1184 §.h
354 1102 393 1170 et
407 1096 445 1170 u
497 1095 587 1171 Fuit
609 1095 704 1170 illud
730 1120 884 1171 carmen
909 1098 1007 1196 epici
1030 1101 1178 1200 generis
1203 1108 1253 1193 et,

107 1210 139 1285 si
163 1198 395 1311 amptius,
420 1221 526 1291 certe
550 1222 640 1289 ante
657 1237 690 1289 a
708 1215 754 1290 U.
772 1214 815 1291 G.
832 1217 922 1290 714.
940 1217 1105 1313 editum,
1131 1220 1255 1293 emni-

108 1330 282 1431 husque,
331 1334 399 1432 qui
447 1334 603 1433 quidem
643 1333 795 1409 Caesari
844 1334 1054 1411 Octaviano
1094 1334 1254 1438 ejusque

108 1472 266 1525 caussae
299 1450 495 1547 faverent,
529 1454 836 1552 improbatum,
879 1462 924 1528 ut
948 1453 1126 1550 Varium,
1159 1464 1254 1531 tam·

108 1592 226 1666 quam
253 1594 445 1647 summum
478 1579 654 1672 poetam,
690 1572 899 1671 suspiceret
924 1573 1100 1674 Virgilius
1123 1574 1253 1677 Eclog.

110 1687 180 1761 lX.
204 1715 245 1766 v.
270 1688 333 1763 35.
392 1686 518 1785 Quid?
554 1691 661 1791 quod
686 1690 805 1765 Vario
839 1689 999 1766 fortasse
1024 1694 1160 1767 eadem
1185 1694 1256 1767 luit

109 1807 300 1881 scribendi
324 1808 427 1882 illius
443 1809 620 1884 carminis
645 1810 805 1902 occasio,
832 1833 908 1908 qua
926 1810 1128 1910 Virgilium
1149 1814 1255 1887 exci-

110 1933 233 2001 tatum
267 1926 386 2003 fuisse
411 1935 579 2024 constat,
615 1936 661 2004 ut
684 1952 720 2004 1.
746 1928 792 2003 U.
819 1927 862 2003 G.
890 1930 980 2004 712.
1008 1942 1256 2032 componeret

110 2043 292 2146 Eclogam
318 2046 508 2146 quinhm,
550 2048 741 2146 incoque
766 2054 849 2122 tum
873 2048 1046 2124 delorem
1071 2076 1184 2124 suum
1208 2052 1256 2126 de

110 2163 323 2263 Daphnidis
354 2166 381 2239 i.
407 2189 444 2240 e.
476 2166 568 2243 Julii
601 2165 770 2241 Caesaris
803 2167 933 2260 ohitu,
968 2175 1049 2241 urm
1075 2170 1256 2244 laetitiam

108 2284 159 2357 dc
183 2284 385 2383 Daphnide
418 2285 537 2359 heroe
570 2287 671 2360 inter
694 2285 799 2361 Deos
829 2293 983 2385 recepto
1009 2288 1255 2386 exprimeret.

107 2402 263 2477 Videsis
286 2403 415 2479 Jahnii
438 2402 645 2479 Introduct.
670 2405 712 2478 in
729 2404 864 2502 Virgil.
885 2431 925 2504 p.
940 2404 1046 2480 XIII.
1073 2414 1114 2481 et
1129 2405 1256 2506 Spah-

106 2522 163 2595 nii
186 2521 463 2623 Prolegomena
487 2525 538 2599 ad
562 2522 696 2625 Virgil.
723 2522 848 2597 Germ.
873 2523 1004 2598 Bucol.
1029 2550 1069 2624 p.
1088 2527 1153 2600 29.
1171 2550 1256 2625 sqq.

107 2642 281 2739 Uterque
304 2651 417 2740 poeta
449 2643 525 2719 hoc
557 2650 847 2745 argumentum,
883 2642 985 2717 haud
1009 2641 1257 2745 injucsmdum

107 2762 242 2835 multis
267 2762 482 2860 aequalium
506 2787 664 2838 suerum
688 2771 747 2858 et,
785 2763 852 2862 qui
886 2770 968 2839 tum
991 2771 1119 2858 erant,
1162 2764 1257 2840 civi-

108 2881 198 2955 tatis
223 2882 456 2980 priucipihus
482 2883 757 2984 gratissimum,
783 2908 856 2981 pro
882 2905 952 2956 suo
977 2883 1139 2981 quisque
1165 2909 1256 2957 eon·

107 3000 197 3075 silla
222 3001 399 3075 tractavit
430 3009 472 3075 et
503 3001 559 3076 ita
582 3002 828 3100 temperavit,
864 3009 927 3096 ut,
971 3002 1127 3104 Virgilio
1157 3005 1257 3077 neti-

107 3146 200 3197 ram
223 3119 390 3195 bucolici
407 3118 586 3195 carminis
603 3120 885 3219 simplicitatem
904 3130 1168 3217 consectante‚.
1182 3122 1256 3195 Va·

107 3242 191 3315 siais
225 3240 335 3339 epico
369 3240 538 3314 srdtletus
570 3240 707 3338 spiritu
732 3237 772 3314 G.
798 3238 890 3314 Julii
916 3238 1105 3335 Caesarie,
1139 3266 1258 3339 quem

107 3360 245 3437 vivam
285 3381 375 3431 oum
418 3358 667 3432 admiratione
701 3358 890 3454 coluerat,
934 3360 1127 3456 praeclare
1158 3359 1258 3433 facta

108 3482 265 3555 moret
296 3481 335 3551 et
366 3477 473 3578 gravi
505 3500 707 3576 percussus
740 3474 928 3553 desiderio
963 3476 1142 3551 miseram
1175 3473 1257 3577 ejus

107 3598 271 3673 caedem
293 3592 453 3697 lugeret.
517 3594 619 3669 Illud
652 3595 770 3696 igitur
794 3620 947 3672 carmen
980 3595 1143 3669 arbitror
1166 3594 1257 3693 Epi-

108 3714 264 3815 eedhnn
280 3704 286 3714 ⁵
304 3715 497 3814 quoddam
528 3713 648 3789 fuisse
684 3739 764 3789 uuo
798 3715 1119 3813 comprehensum
1150 3714 1258 3789 volu-

107 3833 237 3909 111111
261 3832 302 3907 id
327 3835 431 3933 quod
454 3833 545 3907 inde
570 3833 726 3935 colligo,
752 3833 843 3932 quia
867 3856 946 3906 non
970 3832 1011 3903 in
1036 3832 1165 3931 plures
1191 3834 1258 3908 de·

107 3952 299 4053 scriptum
330 3952 448 4029 husee
478 3952 598 4027 libros
620 3952 786 4028 videtur.
846 3951 974 4025 Etiam
998 3974 1050 4024 cx
1075 3951 1151 4027 hoc
1175 3975 1259 4027 car-

107 4072 219 4147 mine
249 4094 371 4171 pauca
410 4071 617 4147 admodum
653 4077 856 4171 supersunt
888 4068 1119 4170 fragmenta,
1160 4096 1258 4171 qum

109 4191 243 4267 omnia
267 4192 373 4290 apud
398 4216 522 4266 unum
544 4190 783 4266 Macrobium
806 4191 906 4265 lecta
931 4186 1009 4291 jam
1034 4191 1186 4292 collegit
1210 4195 1257 4265 ll.

110 4306 333 4411 Stephanum
366 4337 408 4413 p.
431 4309 522 4386 425.
557 4315 597 4385 et
629 4308 676 4384 N.
701 4308 939 4411 Giampittius
970 4308 1012 4382 in
1035 4309 1197 4387 Praefat.
1223 4332 1257 4382 c.

112 4430 218 4529 apud
240 4430 441 4533 Kreyssig.
466 4455 507 4529 p.
529 4428 615 4504 127.
631 4454 691 4528 sq.
