2670 5294
504 726 554 777 DE
581 724 718 779 casato
744 724 967 779 umus!-

150 891 398 992 interrcgsnti
429 916 470 988 p.
492 893 601 965 207..
642 888 743 984 „Qui
774 888 902 987 potuit
925 912 1021 991 crgo
1044 888 1223 967 Horatius
1245 916 1287 967 eo

153 1011 216 1085 die
240 1011 374 1085 vinum
399 1010 536 1083 eodem
561 1032 661 1083 enno
686 1008 828 1083 lectum
853 1006 1096 1085 etdiffirsmn
1113 1011 1287 1086 suiscon-

152 1128 254 1205 vivis
279 1122 512 1227 propinare?
543 1127 608 1201 An
622 1126 839 1203 vindemiae
863 1134 954 1202 ante
974 1128 1090 1203 illum
1116 1154 1288 1223 momen,

151 1272 192 1320 n.
208 1246 376 1341 lulium,
402 1247 444 1319 in
469 1246 578 1321 ltalia
593 1239 789 1321 fiebanti'“
838 1244 927 1345 Ipse
943 1245 1149 1323 Massonus
1163 1250 1289 1345 proc

152 1367 375 1465 suspicatur,
403 1389 492 1439 cum
516 1390 556 1439 v.
569 1366 632 1439 24.
656 1362 796 1462 respici
811 1371 922 1461 putet
936 1364 1107 1441 Cornelii
1125 1365 1290 1441 Gallina·

152 1507 250 1577 cem,
269 1482 514 1559 a.1J.c.728.
532 1481 683 1575 factam,
710 1481 809 1556 hanc
825 1479 1033 1581 Epistulam
1049 1483 1288 1584 bienniopcst

151 1601 260 1675 illum
285 1626 431 1675 amuun
455 1624 541 1675 esse
566 1601 760 1700 scriptam.
812 1600 883 1675 Gui
898 1600 1108 1699 suspicioni
1122 1603 1288 1701 equidem

151 1744 232 1794 non
264 1720 430 1793 multum
463 1717 683 1793 tribueriml
723 1718 804 1819 Ipsi
842 1725 969 1793 autem
1003 1719 1096 1796 huic
1128 1721 1286 1820 opinioni

151 1837 246 1912 scite
278 1838 440 1937 opponit
471 1837 668 1912 llasscnus
702 1863 742 1936 p.
768 1839 879 1931 209„
919 1837 1066 1914 Ilivmn
1098 1839 1286 1915 Juliumsi

150 1957 190 2031 Ιι.
208 1957 236 2029 l.
270 1956 518 2031 intellexisset
541 1955 681 2050 Poeta,
707 1956 811 2032 hunc
834 1981 916 2031 non
939 1957 1105 2056 simplici
1132 1982 1180 2034 ec
1197 1960 1287 2031 nudo

154 2072 335 2152 Caesaris
365 2075 522 2149 nominc
556 2073 748 2173 designari
779 2075 969 2174 potuisse,
1010 2077 1081 2150 sed
1117 2077 1208 2151 addi
1230 2078 1286 2151 ‹le-

150 2193 279 2267 buisse
313 2192 477 2289 aliquid,
529 2217 608 2290 quc
640 2188 725 2292 ejus
763 2194 980 2291 apotheosis
1012 2194 1285 2295 signffioamm

151 2311 310 2409 Quoties
327 2310 433 2383 enim-
448 2309 490 2383 in
502 2310 651 2385 Horatii
666 2311 899 2386 carminibus
917 2313 1066 2388 Caesar
1080 2314 1285 2414 simpliciter

151 2436 346 2522 occurrat,
372 2430 487 2503 toties
511 2429 707 2503 neminem
732 2430 849 2504 alisna
873 2455 987 2529 posse
1007 2430 1173 2535 intelligi
1187 2456 1283 2532 qaum

150 2547 276 2647 ipsum
301 2549 536 2647 Augustino,
571 2548 772 2623 verissime
794 2549 860 2623 ille
886 2550 1075 2625 observat.

253 2668 496 2764 Quapropter
528 2666 726 2740 Massonus
759 2668 875 2742 ctiam
900 2667 938 2739 h.
964 2669 989 2741 l.
1017 2670 1066 2744 dc
1094 2673 1160 2746 ‹lie
1183 2669 1279 2745 natali

153 2784 337 2864 Caesaris
371 2783 549 2878 Augusti
579 2809 797 2860 sermonem
833 2811 915 2861 esse
950 2784 1115 2887 judicate
1149 2814 1216 2865 nec
1235 2798 1280 2862 te·

149 2930 269 2980 mere.
328 2903 495 2977 Praeivit
527 2927 614 2977 cam
651 2906 880 2979 seutentiam
914 2904 1149 2984 Scholiastes
1182 2907 1279 3003 Cruq.

149 3051 189 3124 p.
220 3024 310 3098 529.
376 3022 474 3095 Cum
513 3022 706 3122 Augustus
741 3033 851 3098 natus
891 3023 1007 3098 fuerit
1048 3027 1091 3100 d.
1116 3026 1185 3099 IX.
1208 3024 1279 3097 Kal·

151 3142 305 3218 Octobr.
333 3142 372 3214 h.
393 3165 427 3214 e.
463 3141 525 3214 die
544 3144 603 3215 23.
635 3141 893 3242 Septembris,
928 3142 1087 3218 fuenmt
1112 3144 1177 3243 qui
1207 3142 1280 3217 huic
1324 3216 1327 3229 ,

152 3261 363 3336 sententiae
397 3260 551 3333 obstare
584 3261 756 3335 dicerent
781 3260 975 3335 aestivum
999 3274 1175 3358 noctem,
1209 3283 1279 3337 cum

146 3364 234 3453 uox
251 3379 394 3452 mensis
413 3376 651 3474 Septembris
674 3380 800 3478 potius
828 3380 989 3454 (licenda
1010 3379 1130 3455 fuerit
1160 3392 1279 3455 ouda
1324 3372 1327 3467 l

150 3495 309 3570 socordis.
354 3495 424 3568 Cui
450 3495 664 3570 difficultati
680 3499 735 3572 sic
751 3499 915 3573 occtnrit
928 3498 1128 3574 Massonus
1146 3526 1185 3598 p.
1196 3500 1280 3588 210„

148 3623 192 3690 ut
225 3616 343 3707 dicat,
380 3615 421 3686 id
454 3613 539 3687 lieri
570 3616 737 3713 potuisse
771 3641 841 3715 per
874 3618 1070 3693 licentiam
1094 3618 1280 3719 poeticam,

147 3735 373 3834 praesertim
400 3757 488 3807 cum
507 3734 790 3830 aequinoctium
807 3736 941 3810 (liebus
955 3735 1098 3813 XXIV.
1117 3744 1161 3810 et
1175 3732 1282 3809 XXV.

147 3853 391 3949 Septembris
427 3852 573 3951 alligari
619 3854 773 3926 solitum
815 3856 986 3929 nondum
1031 3856 1283 3954 praeteriisset.

149 3970 324 4069 Cumque
349 3969 530 4072 Virgilius
557 3971 739 4045 cecinerit
765 3970 903 4073 Georg.
928 3971 1037 4046 Libr.
1064 3974 1097 4046 Ι.
1131 3974 1284 4049 v.311.:

206 4089 313 4186 Ouid
338 4100 583 4188 importator
608 4090 816 4164 auctumni
838 4103 877 4164 et
900 4090 1035 4166 sidon
1061 4086 1224 4167 dicum?

199 4207 353 4307 Atque,
378 4206 449 4281 ubi
464 4211 553 4303 jam
576 4207 802 4311 breviorque
824 4209 909 4284 dies
924 4222 962 4284 et
977 4208 1134 4284 mollior
1154 4222 1289 4301 aestas,

207 4327 319 4423 Ossae
343 4327 551 4423 vr'griluudo
574 4325 695 4417 viris3

146 4444 300 4540 quidni,
342 4446 464 4544 inquit
499 4445 722 4538 Massonus,
765 4446 947 4522 Horatius
981 4454 1137 4524 noctem
1170 4453 1213 4527 d.
1237 4452 1291 4527 22
1324 4482 1327 4545 l

148 4567 190 4634 et
215 4563 279 4633 23.
305 4562 545 4662 Septembris
577 4561 817 4665 mter-jectam
857 4566 985 4642 dicere
1018 4569 1148 4667 potuit
1181 4568 1294 4647 msti-

142 4671 264 4752 uom?
304 4679 592 4758 Accuratissima
626 4684 674 4757 Η.
712 4684 866 4759 Vossius
899 4686 949 4760 ad
983 4685 1137 4786 Virgilii
1162 4686 1295 4788 Georg.

146 4798 173 4871 1.
203 4821 238 4873 ο.
263 4822 303 4898 p.
331 4797 439 4874 lta:
472 4804 585 4898 „Der
618 4799 810 4881 &mucce
833 4802 1017 4881 Herbst
1041 4805 1295 4884 decertum
