2670 5294
92 666 206 725 Vl,
434 668 889 722 ennnrsrto.

94 851 214 955 magis
239 852 386 953 cepisse
411 858 639 952 captimque
663 851 839 926 tenuisse.
891 848 961 924 Est
977 854 1106 924 autem
1125 856 1229 924 natu·

95 1031 161 1084 rae
185 1005 374 1082 humanae
399 1005 616 1106 proprium,
643 1013 706 1097 ut,
742 1005 880 1103 qulbus
906 1004 990 1103 quis
1015 1003 1097 1103 ipse
1124 1005 1231 1078 rebtn

96 1157 256 1236 mirifioe
272 1160 485 1235 delectetur
499 1159 617 1257 inque
634 1159 689 1233 eis
706 1159 871 1233 misstum
891 1157 1006 1232 studii
1022 1180 1232 1255 operaeque

97 1313 361 1410 eolloeaverit,
387 1337 520 1390 earnm
537 1313 771 1411 voluptatem
789 1321 827 1388 et
848 1309 1015 1386 aucum
1043 1335 1134 1386 eum
1158 1310 1233 1386 aliis
1264 1341 1265 1344 ¹

88 1467 378 1553 eommunioere
404 1468 541 1567 cupiat.
586 1466 717 1566 Neque
733 1489 981 1565 quemquam,
1008 1463 1075 1563 qui
1093 1465 1234 1539 litteras

98 1619 273 1720 antiquas
297 1642 448 1696 meeum
473 1627 593 1713 amat,
627 1644 671 1693 re
703 1619 871 1721 cognita,
903 1618 1044 1692 mirum
1069 1617 1233 1710 habebit,

97 1768 168 1872 qui
199 1770 343 1849 laoutm
376 1773 443 1867 sit,
484 1781 529 1847 ut
563 1773 604 1847 in
638 1774 713 1849 hoo
745 1773 981 1873 potissimum
1015 1779 1235 1874 argumento
1281 1838 1283 1848 ,

99 1926 296 2003 tremendo
330 1934 432 2003 tanta
467 1950 556 2011 oum
586 1927 780 2027 voluptate
812 1949 996 2004 versarer.
1048 1925 1237 2027 Agebatur
1281 1881 1283 1910 Ξ

100 2079 151 2157 de
181 2077 284 2159 fama
315 2087 355 2155 et
386 2079 494 2179 quasi
523 2079 644 2180 eapite
669 2081 833 2156 duomm
858 2087 1057 2180 poetarum
1081 2077 1238 2152 Latino·

99 2255 207 2329 nnn,
242 2233 408 2327 Romae,
434 2233 527 2308 dtrm
551 2234 749 2327 vivebant,
775 2234 876 2309 haud
902 2233 1142 2335 ignobilium.
1195 2230 1238 2304 L.

101 2382 238 2462 Varius
261 2393 303 2462 et
326 2384 476 2463 Cassius
499 2387 713 2463 Parmemis
743 2398 852 2463 erant
885 2394 1021 2486 poetae
1053 2387 1240 2486 aequales,

99 2535 273 2640 ingenio,
305 2539 477 2617 doctrine
501 2550 541 2617 et
565 2542 712 2640 seriptis
737 2542 912 2617 illustres.
972 2538 1052 2615 Sed
1076 2537 1241 2613 mirabili

101 2713 193 2768 nasu
223 2693 380 2790 aooidit,
419 2702 482 2790 ut,
525 2695 594 2795 qui
635 2696 808 2772 viventes
849 2694 997 2770 eisdem
1030 2694 1243 2768 litterarum

101 2845 236 2923 suain
260 2847 483 2925 olaruissent
506 2849 805 2946 eorumdemque
829 2848 1039 2923 amicorum
1065 2848 1186 2948 gratm
1207 2859 1245 2923 et

102 2999 209 3074 oultu
249 2996 486 3096 floruissent,
528 3001 584 3075 eis
625 3001 824 3102 malignior
862 3001 1029 3076 Fortuna
1069 3002 1246 3077 meritam

101 3150 288 3229 virtutium
316 3151 469 3229 laudem
493 3153 771 3254 honestamque
795 3156 899 3256 apud
924 3163 1096 3254 posteros
1121 3157 1248 3230 nomi·

100 3305 162 3381 nis
185 3302 328 3382 lamam
352 3305 551 3383 invideret.
609 3308 745 3407 ltaque
774 3309 968 3386 suavitatis
998 3309 1126 3384 neseio
1152 3311 1251 3407 quid

100 3457 198 3534 mibi
223 3456 430 3552 afferebat,
456 3458 490 3535 si
505 3462 774 3562 qualiutmque
798 3486 885 3538 mea
910 3486 1026 3564 opera
1050 3463 1090 3537 id
1116 3460 1248 3538 effice·

101 3635 205 3708 rem,
229 3620 274 3687 ut
297 3619 436 3714 poetae
461 3594 661 3714 utriusque
688 3616 896 3709 memoria,
927 3616 1178 3692 intermortua
1205 3641 1250 3692 ae

101 3767 385 3867 propemotlum
421 3768 566 3863 deleta,
611 3769 887 3846 instauraretur
927 3779 968 3845 et
1007 3794 1076 3845 sua
1109 3770 1251 3869 otiique

103 3918 265 4022 dignitas
302 3928 343 3996 et
382 3919 466 3996 laus
506 3921 782 3999 restitneretm.
849 3924 1086 4014 Aeoedebat,
1130 3925 1251 4021 quod,

104 4095 194 4150 oram
216 4073 421 4172 utriusque
436 4044 539 4150 aetas
558 4075 599 4149 in
618 4100 665 4151 aa
679 4075 872 4153 inuidisset
890 4085 1084 4177 tempora,
1110 4077 1252 4175 quibus

104 4251 186 4302 non
218 4224 330 4303 laeile
355 4226 477 4330 Roma
512 4228 667 4328 antiqua
691 4229 788 4307 vidit
813 4238 854 4307 et
878 4231 1054 4332 graviora
1079 4237 1119 4306 et
1142 4231 1254 4332 inge·

104 4377 260 4455 niornm
284 4401 515 4480 magnonun
542 4380 745 4479 mmoiora,
779 4383 874 4460 mihi
899 4385 948 4458 tle
973 4384 1046 4459 illis
1071 4383 1254 4459 scribenti

106 4554 255 4608 rerum·
280 4533 433 4634 eognitu
471 4543 512 4609 et
551 4512 909 4636 juetmdissimarum
942 4546 983 4613 et
1017 4538 1255 4639 dignissima·

107 4707 196 4763 mm
228 4685 322 4762 silva
356 4688 543 4764 sumrevit
575 4698 616 4765 et
640 4691 842 4792 aliquoties
869 4691 1017 4768 oeeasio
1042 4691 1171 4769 oblata
1196 4705 1255 4767 est
