<?xml version="1.0" encoding="UTF-8"?>
<!DOCTYPE html PUBLIC "-//W3C//DTD XHTML 1.0 Transitional//EN"
    "http://www.w3.org/TR/xhtml1/DTD/xhtml1-transitional.dtd">
<html xmlns="http://www.w3.org/1999/xhtml" xml:lang="en" lang="en">
 <head>
  <title>
</title>
<meta http-equiv="Content-Type" content="text/html;charset=utf-8" />
  <meta name='ocr-system' content='tesseract 3.04.00' />
  <meta name='ocr-capabilities' content='ocr_page ocr_carea ocr_par ocr_line ocrx_word'/>
</head>
<body>
  <div class='ocr_page' id='page_1' title='image "./deluciivariietc00weicgoog_0215.png"; bbox 0 0 2670 5294; ppageno 0'>
   <div class='ocr_carea' id='block_1_1' title="bbox 441 290 1226 361">
    <p class='ocr_par' dir='ltr' id='par_1_1' title="bbox 441 290 1226 361">
     <span class='ocr_line' id='line_1_1' title="bbox 441 290 1226 361; baseline 0.008 -6"><span class='ocrx_word' id='word_1_1' title='bbox 441 306 491 356; x_wconf 77' lang='lat' dir='ltr'><strong>on</strong></span> <span class='ocrx_word' id='word_1_2' title='bbox 518 306 655 357; x_wconf 70' lang='lat' dir='ltr'><strong>cismo</strong></span> <span class='ocrx_word' id='word_1_3' title='bbox 683 307 903 359; x_wconf 71' lang='lat' dir='ltr'><strong>mrumst.</strong></span> <span class='ocrx_word' id='word_1_4' title='bbox 1156 290 1226 361; x_wconf 78' lang='lat'><strong>193</strong></span> 
     </span>
    </p>
   </div>
   <div class='ocr_carea' id='block_1_2' title="bbox 73 466 1242 3543">
    <p class='ocr_par' dir='ltr' id='par_1_2' title="bbox 73 466 1242 3543">
     <span class='ocr_line' id='line_1_2' title="bbox 73 466 1225 562; baseline 0.003 -17"><span class='ocrx_word' id='word_1_5' title='bbox 73 476 117 546; x_wconf 85' lang='lat' dir='ltr'><strong>et</strong></span> <span class='ocrx_word' id='word_1_6' title='bbox 141 466 326 562; x_wconf 87' lang='lat' dir='ltr'><strong>Tiberio,</strong></span> <span class='ocrx_word' id='word_1_7' title='bbox 362 474 400 543; x_wconf 89' lang='lat' dir='ltr'><strong>et</strong></span> <span class='ocrx_word' id='word_1_8' title='bbox 424 468 546 544; x_wconf 81' lang='lat' dir='ltr'><strong>libera</strong></span> <span class='ocrx_word' id='word_1_9' title='bbox 571 470 695 545; x_wconf 86' lang='lat' dir='ltr'><strong>adhuc</strong></span> <span class='ocrx_word' id='word_1_10' title='bbox 720 468 873 546; x_wconf 84' lang='lat' dir='ltr'><strong>civitate</strong></span> <span class='ocrx_word' id='word_1_11' title='bbox 897 479 1009 547; x_wconf 82' lang='lat' dir='ltr'><strong>natus</strong></span> <span class='ocrx_word' id='word_1_12' title='bbox 1035 497 1225 549; x_wconf 77' lang='lat' dir='ltr'><strong>numnam</strong></span> 
     </span>
     <span class='ocr_line' id='line_1_3' title="bbox 74 586 1225 689; baseline 0.002 -24"><span class='ocrx_word' id='word_1_13' title='bbox 74 589 239 689; x_wconf 77' lang='lat' dir='ltr'><strong>adeptus</strong></span> <span class='ocrx_word' id='word_1_14' title='bbox 273 609 357 662; x_wconf 80' lang='lat' dir='ltr'><strong>esse</strong></span> <span class='ocrx_word' id='word_1_15' title='bbox 388 586 542 664; x_wconf 82' lang='lat' dir='ltr'><strong>videtur</strong></span> <span class='ocrx_word' id='word_1_16' title='bbox 574 597 824 664; x_wconf 82' lang='lat' dir='ltr'><strong>senectutem.</strong></span> <span class='ocrx_word' id='word_1_17' title='bbox 890 587 1077 667; x_wconf 79' lang='lat' dir='ltr'><strong>Pristiuac</strong></span> <span class='ocrx_word' id='word_1_18' title='bbox 1109 594 1225 667; x_wconf 85' lang='lat' dir='ltr'><strong>liber-</strong></span> 
     </span>
     <span class='ocr_line' id='line_1_4' title="bbox 74 706 1227 804; baseline 0.004 -22"><span class='ocrx_word' id='word_1_19' title='bbox 74 708 168 783; x_wconf 74' lang='lat' dir='ltr'><strong>tatia</strong></span> <span class='ocrx_word' id='word_1_20' title='bbox 201 714 399 804; x_wconf 78' lang='lat' dir='ltr'><strong>tamquam</strong></span> <span class='ocrx_word' id='word_1_21' title='bbox 431 706 529 781; x_wconf 83' lang='lat' dir='ltr'><strong>lactc</strong></span> <span class='ocrx_word' id='word_1_22' title='bbox 561 709 727 783; x_wconf 81' lang='lat' dir='ltr'><strong>nutritus</strong></span> <span class='ocrx_word' id='word_1_23' title='bbox 762 706 837 782; x_wconf 84' lang='lat' dir='ltr'><strong>fuit</strong></span> <span class='ocrx_word' id='word_1_24' title='bbox 869 707 1004 784; x_wconf 72' lang='lat' dir='ltr'><strong>ruricus</strong></span> <span class='ocrx_word' id='word_1_25' title='bbox 1045 712 1118 783; x_wconf 78' lang='lat' dir='ltr'><strong>sub</strong></span> <span class='ocrx_word' id='word_1_26' title='bbox 1151 712 1227 787; x_wconf 79' lang='lat' dir='ltr'><strong>illia</strong></span> 
     </span>
     <span class='ocr_line' id='line_1_5' title="bbox 75 826 1227 927; baseline -0.001 -24"><span class='ocrx_word' id='word_1_27' title='bbox 75 826 378 927; x_wconf 80' lang='lat' dir='ltr'><strong>Imperator-ibus</strong></span> <span class='ocrx_word' id='word_1_28' title='bbox 403 849 448 901; x_wconf 88' lang='lat' dir='ltr'><strong>ac</strong></span> <span class='ocrx_word' id='word_1_29' title='bbox 473 833 685 923; x_wconf 81' lang='lat' dir='ltr'><strong>postremus</strong></span> <span class='ocrx_word' id='word_1_30' title='bbox 710 827 793 904; x_wconf 84' lang='lat' dir='ltr'><strong>vari</strong></span> <span class='ocrx_word' id='word_1_31' title='bbox 811 828 979 902; x_wconf 86' lang='lat' dir='ltr'><strong>nominis</strong></span> <span class='ocrx_word' id='word_1_32' title='bbox 1005 837 1156 923; x_wconf 85' lang='lat' dir='ltr'><strong>orator,</strong></span> <span class='ocrx_word' id='word_1_33' title='bbox 1183 838 1227 903; x_wconf 90' lang='lat' dir='ltr'><strong>ut</strong></span> 
     </span>
     <span class='ocr_line' id='line_1_6' title="bbox 76 945 1227 1024; baseline 0 -1"><span class='ocrx_word' id='word_1_34' title='bbox 76 955 244 1023; x_wconf 62' lang='lat' dir='ltr'><strong>testatur</strong></span> <span class='ocrx_word' id='word_1_35' title='bbox 257 946 403 1021; x_wconf 80' lang='lat' dir='ltr'><strong>Auctor</strong></span> <span class='ocrx_word' id='word_1_36' title='bbox 419 946 517 1019; x_wconf 87' lang='lat' dir='ltr'><strong>Dial.</strong></span> <span class='ocrx_word' id='word_1_37' title='bbox 537 947 587 1021; x_wconf 85' lang='lat' dir='ltr'><strong>‹la</strong></span> <span class='ocrx_word' id='word_1_38' title='bbox 605 945 728 1021; x_wconf 88' lang='lat' dir='ltr'><strong>Oratt.</strong></span> <span class='ocrx_word' id='word_1_39' title='bbox 753 972 787 1021; x_wconf 89' lang='lat' dir='ltr'><strong>c.</strong></span> <span class='ocrx_word' id='word_1_40' title='bbox 805 949 868 1022; x_wconf 84' lang='lat'><strong>26.</strong></span> <span class='ocrx_word' id='word_1_41' title='bbox 918 947 1071 1022; x_wconf 82' lang='lat' dir='ltr'><strong>Primus</strong></span> <span class='ocrx_word' id='word_1_42' title='bbox 1097 958 1227 1024; x_wconf 80' lang='lat' dir='ltr'><strong>tamen</strong></span> 
     </span>
     <span class='ocr_line' id='line_1_7' title="bbox 77 1065 1228 1164; baseline 0.002 -23"><span class='ocrx_word' id='word_1_43' title='bbox 77 1068 130 1141; x_wconf 84' lang='lat' dir='ltr'><strong>ab</strong></span> <span class='ocrx_word' id='word_1_44' title='bbox 164 1066 231 1140; x_wconf 88' lang='lat' dir='ltr'><strong>illa</strong></span> <span class='ocrx_word' id='word_1_45' title='bbox 265 1072 396 1139; x_wconf 77' lang='lat' dir='ltr'><strong>vetera</strong></span> <span class='ocrx_word' id='word_1_46' title='bbox 430 1071 547 1164; x_wconf 85' lang='lat' dir='ltr'><strong>atqua</strong></span> <span class='ocrx_word' id='word_1_47' title='bbox 580 1065 722 1141; x_wconf 85' lang='lat' dir='ltr'><strong>directa</strong></span> <span class='ocrx_word' id='word_1_48' title='bbox 748 1066 900 1141; x_wconf 86' lang='lat' dir='ltr'><strong>dicendi</strong></span> <span class='ocrx_word' id='word_1_49' title='bbox 923 1068 988 1143; x_wconf 81' lang='lat' dir='ltr'><strong>vio</strong></span> <span class='ocrx_word' id='word_1_50' title='bbox 1013 1067 1123 1143; x_wconf 81' lang='lat' dir='ltr'><strong>flexit</strong></span> <span class='ocrx_word' id='word_1_51' title='bbox 1146 1095 1228 1143; x_wconf 90' lang='lat' dir='ltr'><strong>uon</strong></span> 
     </span>
     <span class='ocr_line' id='line_1_8' title="bbox 78 1182 1228 1288; baseline 0.002 -29"><span class='ocrx_word' id='word_1_52' title='bbox 78 1182 298 1259; x_wconf 81' lang='lat' dir='ltr'><strong>infimitate</strong></span> <span class='ocrx_word' id='word_1_53' title='bbox 329 1184 473 1284; x_wconf 83' lang='lat' dir='ltr'><strong>ingenii</strong></span> <span class='ocrx_word' id='word_1_54' title='bbox 507 1208 579 1258; x_wconf 88' lang='lat' dir='ltr'><strong>nec</strong></span> <span class='ocrx_word' id='word_1_55' title='bbox 611 1183 761 1260; x_wconf 77' lang='lat' dir='ltr'><strong>inscitia</strong></span> <span class='ocrx_word' id='word_1_56' title='bbox 792 1185 1028 1280; x_wconf 66' lang='lat' dir='ltr'><strong>litterarium</strong></span> <span class='ocrx_word' id='word_1_57' title='bbox 1069 1188 1138 1261; x_wconf 84' lang='lat' dir='ltr'><strong>scd</strong></span> <span class='ocrx_word' id='word_1_58' title='bbox 1165 1184 1228 1288; x_wconf 85' lang='lat' dir='ltr'><strong>ju-</strong></span> 
     </span>
     <span class='ocr_line' id='line_1_9' title="bbox 80 1300 1228 1399; baseline 0.001 -20"><span class='ocrx_word' id='word_1_59' title='bbox 80 1302 185 1379; x_wconf 80' lang='lat' dir='ltr'><strong>‹lioio</strong></span> <span class='ocrx_word' id='word_1_60' title='bbox 208 1310 249 1377; x_wconf 87' lang='lat' dir='ltr'><strong>ct</strong></span> <span class='ocrx_word' id='word_1_61' title='bbox 272 1302 477 1377; x_wconf 84' lang='lat' dir='ltr'><strong>intellectu.</strong></span> <span class='ocrx_word' id='word_1_62' title='bbox 528 1300 625 1377; x_wconf 87' lang='lat' dir='ltr'><strong>Nam</strong></span> <span class='ocrx_word' id='word_1_63' title='bbox 647 1304 763 1399; x_wconf 87' lang='lat' dir='ltr'><strong>vidit,</strong></span> <span class='ocrx_word' id='word_1_64' title='bbox 789 1328 877 1379; x_wconf 91' lang='lat' dir='ltr'><strong>cum</strong></span> <span class='ocrx_word' id='word_1_65' title='bbox 895 1306 1113 1380; x_wconf 87' lang='lat' dir='ltr'><strong>conditione</strong></span> <span class='ocrx_word' id='word_1_66' title='bbox 1128 1314 1228 1381; x_wconf 87' lang='lat' dir='ltr'><strong>tem-</strong></span> 
     </span>
     <span class='ocr_line' id='line_1_10' title="bbox 80 1419 1229 1523; baseline 0.002 -28"><span class='ocrx_word' id='word_1_67' title='bbox 80 1446 223 1523; x_wconf 78' lang='lat' dir='ltr'><strong>porum</strong></span> <span class='ocrx_word' id='word_1_68' title='bbox 247 1444 292 1495; x_wconf 87' lang='lat' dir='ltr'><strong>ac</strong></span> <span class='ocrx_word' id='word_1_69' title='bbox 309 1422 529 1497; x_wconf 80' lang='lat' dir='ltr'><strong>diversitate</strong></span> <span class='ocrx_word' id='word_1_70' title='bbox 554 1421 704 1497; x_wconf 89' lang='lat' dir='ltr'><strong>aurium</strong></span> <span class='ocrx_word' id='word_1_71' title='bbox 721 1419 885 1497; x_wconf 79' lang='lat' dir='ltr'><strong>somnam</strong></span> <span class='ocrx_word' id='word_1_72' title='bbox 901 1449 1056 1521; x_wconf 88' lang='lat' dir='ltr'><strong>quoquc</strong></span> <span class='ocrx_word' id='word_1_73' title='bbox 1081 1449 1126 1498; x_wconf 89' lang='lat' dir='ltr'><strong>ac</strong></span> <span class='ocrx_word' id='word_1_74' title='bbox 1140 1448 1229 1523; x_wconf 82' lang='lat' dir='ltr'><strong>spc-</strong></span> 
     </span>
     <span class='ocr_line' id='line_1_11' title="bbox 83 1541 1230 1635; baseline -0.001 -17"><span class='ocrx_word' id='word_1_75' title='bbox 83 1542 184 1618; x_wconf 88' lang='lat' dir='ltr'><strong>ciem</strong></span> <span class='ocrx_word' id='word_1_76' title='bbox 207 1541 392 1617; x_wconf 82' lang='lat' dir='ltr'><strong>orationis</strong></span> <span class='ocrx_word' id='word_1_77' title='bbox 427 1564 512 1615; x_wconf 83' lang='lat' dir='ltr'><strong>esse</strong></span> <span class='ocrx_word' id='word_1_78' title='bbox 536 1542 777 1635; x_wconf 81' lang='lat' dir='ltr'><strong>mutandam,</strong></span> <span class='ocrx_word' id='word_1_79' title='bbox 813 1549 855 1615; x_wconf 88' lang='lat' dir='ltr'><strong>ut</strong></span> <span class='ocrx_word' id='word_1_80' title='bbox 878 1542 982 1616; x_wconf 90' lang='lat' dir='ltr'><strong>idcm</strong></span> <span class='ocrx_word' id='word_1_81' title='bbox 1007 1544 1152 1617; x_wconf 80' lang='lat' dir='ltr'><strong>Auctor</strong></span> <span class='ocrx_word' id='word_1_82' title='bbox 1176 1543 1230 1617; x_wconf 87' lang='lat' dir='ltr'><strong>ait</strong></span> 
     </span>
     <span class='ocr_line' id='line_1_12' title="bbox 83 1656 1232 1760; baseline -0.002 -23"><span class='ocrx_word' id='word_1_83' title='bbox 83 1686 118 1737; x_wconf 89' lang='lat' dir='ltr'><strong>c.</strong></span> <span class='ocrx_word' id='word_1_84' title='bbox 144 1660 206 1735; x_wconf 77' lang='lat' dir='ltr'><strong>lt).</strong></span> <span class='ocrx_word' id='word_1_85' title='bbox 265 1660 318 1734; x_wconf 81' lang='lat' dir='ltr'><strong>ll.</strong></span> <span class='ocrx_word' id='word_1_86' title='bbox 343 1659 525 1735; x_wconf 78' lang='lat' dir='ltr'><strong>Annaeus</strong></span> <span class='ocrx_word' id='word_1_87' title='bbox 557 1656 724 1752; x_wconf 82' lang='lat' dir='ltr'><strong>Seneca,</strong></span> <span class='ocrx_word' id='word_1_88' title='bbox 764 1660 833 1759; x_wconf 84' lang='lat' dir='ltr'><strong>qui</strong></span> <span class='ocrx_word' id='word_1_89' title='bbox 867 1668 992 1736; x_wconf 85' lang='lat' dir='ltr'><strong>actatc</strong></span> <span class='ocrx_word' id='word_1_90' title='bbox 1027 1662 1065 1735; x_wconf 89' lang='lat' dir='ltr'><strong>ci</strong></span> <span class='ocrx_word' id='word_1_91' title='bbox 1091 1686 1232 1760; x_wconf 81' lang='lat' dir='ltr'><strong>suppar</strong></span> 
     </span>
     <span class='ocr_line' id='line_1_13' title="bbox 83 1776 1230 1881; baseline -0.004 -24"><span class='ocrx_word' id='word_1_92' title='bbox 83 1788 186 1876; x_wconf 86' lang='lat' dir='ltr'><strong>crat,</strong></span> <span class='ocrx_word' id='word_1_93' title='bbox 219 1779 404 1856; x_wconf 79' lang='lat' dir='ltr'><strong>oratorias</strong></span> <span class='ocrx_word' id='word_1_94' title='bbox 439 1776 522 1881; x_wconf 84' lang='lat' dir='ltr'><strong>ejus</strong></span> <span class='ocrx_word' id='word_1_95' title='bbox 547 1780 679 1853; x_wconf 83' lang='lat' dir='ltr'><strong>laudas</strong></span> <span class='ocrx_word' id='word_1_96' title='bbox 714 1777 798 1853; x_wconf 83' lang='lat' dir='ltr'><strong>fuso</strong></span> <span class='ocrx_word' id='word_1_97' title='bbox 823 1787 863 1853; x_wconf 88' lang='lat' dir='ltr'><strong>ct</strong></span> <span class='ocrx_word' id='word_1_98' title='bbox 887 1780 1044 1878; x_wconf 85' lang='lat' dir='ltr'><strong>pulchre</strong></span> <span class='ocrx_word' id='word_1_99' title='bbox 1070 1804 1230 1879; x_wconf 83' lang='lat' dir='ltr'><strong>pcrccu·</strong></span> 
     </span>
     <span class='ocr_line' id='line_1_14' title="bbox 83 1896 1231 1998; baseline -0.002 -23"><span class='ocrx_word' id='word_1_100' title='bbox 83 1909 145 1975; x_wconf 80' lang='lat' dir='ltr'><strong>aet</strong></span> <span class='ocrx_word' id='word_1_101' title='bbox 169 1900 213 1973; x_wconf 90' lang='lat' dir='ltr'><strong>in</strong></span> <span class='ocrx_word' id='word_1_102' title='bbox 236 1898 418 1997; x_wconf 83' lang='lat' dir='ltr'><strong>Excerpt.</strong></span> <span class='ocrx_word' id='word_1_103' title='bbox 445 1900 688 1973; x_wconf 77' lang='lat' dir='ltr'><strong>Controvers.</strong></span> <span class='ocrx_word' id='word_1_104' title='bbox 714 1896 821 1972; x_wconf 86' lang='lat' dir='ltr'><strong>Libr.</strong></span> <span class='ocrx_word' id='word_1_105' title='bbox 837 1896 906 1972; x_wconf 92' lang='lat'><strong>111.</strong></span> <span class='ocrx_word' id='word_1_106' title='bbox 939 1925 978 1998; x_wconf 90' lang='lat' dir='ltr'><strong>p.</strong></span> <span class='ocrx_word' id='word_1_107' title='bbox 995 1900 1231 1973; x_wconf 81' lang='lat'><strong>395-400.</strong></span> 
     </span>
     <span class='ocr_line' id='line_1_15' title="bbox 83 2012 1233 2121; baseline -0.003 -28"><span class='ocrx_word' id='word_1_108' title='bbox 83 2018 171 2121; x_wconf 83' lang='lat' dir='ltr'><strong>Bip.</strong></span> <span class='ocrx_word' id='word_1_109' title='bbox 199 2014 333 2093; x_wconf 84' lang='lat' dir='ltr'><strong>Oratio</strong></span> <span class='ocrx_word' id='word_1_110' title='bbox 358 2012 440 2119; x_wconf 80' lang='lat' dir='ltr'><strong>ejus</strong></span> <span class='ocrx_word' id='word_1_111' title='bbox 467 2018 568 2091; x_wconf 86' lang='lat' dir='ltr'><strong>cultu</strong></span> <span class='ocrx_word' id='word_1_112' title='bbox 595 2016 727 2091; x_wconf 82' lang='lat' dir='ltr'><strong>valens</strong></span> <span class='ocrx_word' id='word_1_113' title='bbox 752 2025 852 2110; x_wconf 88' lang='lat' dir='ltr'><strong>crat,</strong></span> <span class='ocrx_word' id='word_1_114' title='bbox 879 2018 1094 2118; x_wconf 78' lang='lat' dir='ltr'><strong>ingentibus</strong></span> <span class='ocrx_word' id='word_1_115' title='bbox 1119 2018 1233 2115; x_wconf 82' lang='lat' dir='ltr'><strong>plena</strong></span> 
     </span>
     <span class='ocr_line' id='line_1_16' title="bbox 86 2135 1235 2235; baseline -0.004 -21"><span class='ocrx_word' id='word_1_116' title='bbox 86 2136 309 2231; x_wconf 73' lang='lat' dir='ltr'><strong>sententiis,</strong></span> <span class='ocrx_word' id='word_1_117' title='bbox 335 2160 407 2211; x_wconf 90' lang='lat' dir='ltr'><strong>nec</strong></span> <span class='ocrx_word' id='word_1_118' title='bbox 426 2136 631 2233; x_wconf 78' lang='lat' dir='ltr'><strong>quisquam</strong></span> <span class='ocrx_word' id='word_1_119' title='bbox 646 2135 775 2210; x_wconf 82' lang='lat' dir='ltr'><strong>minus</strong></span> <span class='ocrx_word' id='word_1_120' title='bbox 791 2160 924 2235; x_wconf 78' lang='lat' dir='ltr'><strong>passm</strong></span> <span class='ocrx_word' id='word_1_121' title='bbox 942 2145 1002 2210; x_wconf 81' lang='lat' dir='ltr'><strong>ost</strong></span> <span class='ocrx_word' id='word_1_122' title='bbox 1026 2135 1169 2234; x_wconf 89' lang='lat' dir='ltr'><strong>aliquid</strong></span> <span class='ocrx_word' id='word_1_123' title='bbox 1193 2136 1235 2209; x_wconf 93' lang='lat' dir='ltr'><strong>in</strong></span> 
     </span>
     <span class='ocr_line' id='line_1_17' title="bbox 85 2253 1234 2353; baseline -0.007 -19"><span class='ocrx_word' id='word_1_124' title='bbox 85 2258 238 2333; x_wconf 82' lang='lat' dir='ltr'><strong>actione</strong></span> <span class='ocrx_word' id='word_1_125' title='bbox 262 2278 332 2329; x_wconf 79' lang='lat' dir='ltr'><strong>auu</strong></span> <span class='ocrx_word' id='word_1_126' title='bbox 358 2254 472 2329; x_wconf 85' lang='lat' dir='ltr'><strong>otiosi</strong></span> <span class='ocrx_word' id='word_1_127' title='bbox 496 2268 593 2329; x_wconf 77' lang='lat' dir='ltr'><strong>csse.</strong></span> <span class='ocrx_word' id='word_1_128' title='bbox 643 2253 753 2329; x_wconf 88' lang='lat' dir='ltr'><strong>Nulla</strong></span> <span class='ocrx_word' id='word_1_129' title='bbox 777 2278 867 2352; x_wconf 82' lang='lat' dir='ltr'><strong>para</strong></span> <span class='ocrx_word' id='word_1_130' title='bbox 892 2263 995 2347; x_wconf 85' lang='lat' dir='ltr'><strong>erat,</strong></span> <span class='ocrx_word' id='word_1_131' title='bbox 1030 2278 1128 2353; x_wconf 87' lang='lat' dir='ltr'><strong>quac</strong></span> <span class='ocrx_word' id='word_1_132' title='bbox 1152 2278 1234 2327; x_wconf 90' lang='lat' dir='ltr'><strong>non</strong></span> 
     </span>
     <span class='ocr_line' id='line_1_18' title="bbox 86 2372 1234 2471; baseline -0.004 -19"><span class='ocrx_word' id='word_1_133' title='bbox 86 2400 158 2453; x_wconf 75' lang='lat' dir='ltr'><strong>aua</strong></span> <span class='ocrx_word' id='word_1_134' title='bbox 183 2376 327 2451; x_wconf 84' lang='lat' dir='ltr'><strong>virtuto</strong></span> <span class='ocrx_word' id='word_1_135' title='bbox 343 2380 475 2448; x_wconf 83' lang='lat' dir='ltr'><strong>staret.</strong></span> <span class='ocrx_word' id='word_1_136' title='bbox 526 2372 648 2470; x_wconf 85' lang='lat' dir='ltr'><strong>Nihil,</strong></span> <span class='ocrx_word' id='word_1_137' title='bbox 674 2374 811 2471; x_wconf 92' lang='lat' dir='ltr'><strong>inquo</strong></span> <span class='ocrx_word' id='word_1_138' title='bbox 829 2373 979 2447; x_wconf 88' lang='lat' dir='ltr'><strong>auditor</strong></span> <span class='ocrx_word' id='word_1_139' title='bbox 996 2372 1078 2447; x_wconf 79' lang='lat' dir='ltr'><strong>sinc</strong></span> <span class='ocrx_word' id='word_1_140' title='bbox 1096 2374 1234 2447; x_wconf 75' lang='lat' dir='ltr'><strong>dunno</strong></span> 
     </span>
     <span class='ocr_line' id='line_1_19' title="bbox 87 2487 1235 2596; baseline -0.006 -24"><span class='ocrx_word' id='word_1_141' title='bbox 87 2493 194 2573; x_wconf 78' lang='lat' dir='ltr'><strong>aliud</strong></span> <span class='ocrx_word' id='word_1_142' title='bbox 210 2500 352 2596; x_wconf 82' lang='lat' dir='ltr'><strong>ageret.</strong></span> <span class='ocrx_word' id='word_1_143' title='bbox 405 2487 545 2566; x_wconf 89' lang='lat' dir='ltr'><strong>Omnia</strong></span> <span class='ocrx_word' id='word_1_144' title='bbox 560 2492 726 2587; x_wconf 83' lang='lat' dir='ltr'><strong>intenta,</strong></span> <span class='ocrx_word' id='word_1_145' title='bbox 752 2492 879 2591; x_wconf 84' lang='lat' dir='ltr'><strong>aliquo</strong></span> <span class='ocrx_word' id='word_1_146' title='bbox 893 2491 1071 2589; x_wconf 80' lang='lat' dir='ltr'><strong>potentia.</strong></span> <span class='ocrx_word' id='word_1_147' title='bbox 1114 2489 1235 2565; x_wconf 89' lang='lat' dir='ltr'><strong>Nemo</strong></span> 
     </span>
     <span class='ocr_line' id='line_1_20' title="bbox 87 2606 1234 2715; baseline -0.007 -24"><span class='ocrx_word' id='word_1_148' title='bbox 87 2612 210 2715; x_wconf 76' lang='lat' dir='ltr'><strong>magia</strong></span> <span class='ocrx_word' id='word_1_149' title='bbox 242 2612 286 2684; x_wconf 90' lang='lat' dir='ltr'><strong>in</strong></span> <span class='ocrx_word' id='word_1_150' title='bbox 319 2631 388 2685; x_wconf 78' lang='lat' dir='ltr'><strong>aua</strong></span> <span class='ocrx_word' id='word_1_151' title='bbox 421 2618 611 2709; x_wconf 80' lang='lat' dir='ltr'><strong>potestate</strong></span> <span class='ocrx_word' id='word_1_152' title='bbox 642 2613 777 2687; x_wconf 87' lang='lat' dir='ltr'><strong>habuit</strong></span> <span class='ocrx_word' id='word_1_153' title='bbox 808 2611 1042 2685; x_wconf 81' lang='lat' dir='ltr'><strong>audientium</strong></span> <span class='ocrx_word' id='word_1_154' title='bbox 1068 2606 1234 2683; x_wconf 64' lang='lat' dir='ltr'><strong>affectus.</strong></span> 
     </span>
     <span class='ocr_line' id='line_1_21' title="bbox 88 2727 1238 2831; baseline -0.004 -24"><span class='ocrx_word' id='word_1_155' title='bbox 88 2732 159 2807; x_wconf 72' lang='lat' dir='ltr'><strong>nia</strong></span> <span class='ocrx_word' id='word_1_156' title='bbox 184 2730 389 2807; x_wconf 73' lang='lat' dir='ltr'><strong>virtutibus</strong></span> <span class='ocrx_word' id='word_1_157' title='bbox 415 2730 573 2803; x_wconf 84' lang='lat' dir='ltr'><strong>accessit</strong></span> <span class='ocrx_word' id='word_1_158' title='bbox 597 2733 768 2830; x_wconf 77' lang='lat' dir='ltr'><strong>corporis</strong></span> <span class='ocrx_word' id='word_1_159' title='bbox 789 2730 1009 2831; x_wconf 78' lang='lat' dir='ltr'><strong>magnitudo</strong></span> <span class='ocrx_word' id='word_1_160' title='bbox 1036 2727 1238 2826; x_wconf 80' lang='lat' dir='ltr'><strong>compicua</strong></span> 
     </span>
     <span class='ocr_line' id='line_1_22' title="bbox 91 2847 1239 2947; baseline -0.008 -19"><span class='ocrx_word' id='word_1_161' title='bbox 91 2860 133 2928; x_wconf 75' lang='lat' dir='ltr'><strong>ot</strong></span> <span class='ocrx_word' id='word_1_162' title='bbox 157 2850 325 2927; x_wconf 65' lang='lat' dir='ltr'><strong>curvitas</strong></span> <span class='ocrx_word' id='word_1_163' title='bbox 349 2849 627 2925; x_wconf 78' lang='lat' dir='ltr'><strong>valantinimae</strong></span> <span class='ocrx_word' id='word_1_164' title='bbox 652 2852 757 2926; x_wconf 81' lang='lat' dir='ltr'><strong>vocis</strong></span> <span class='ocrx_word' id='word_1_165' title='bbox 765 2850 811 2947; x_wconf 87' lang='lat'><strong>⁷).</strong></span> <span class='ocrx_word' id='word_1_166' title='bbox 866 2847 945 2924; x_wconf 78' lang='lat' dir='ltr'><strong>Noc</strong></span> <span class='ocrx_word' id='word_1_167' title='bbox 968 2849 1094 2922; x_wconf 89' lang='lat' dir='ltr'><strong>minus</strong></span> <span class='ocrx_word' id='word_1_168' title='bbox 1114 2847 1239 2920; x_wconf 90' lang='lat' dir='ltr'><strong>hono·</strong></span> 
     </span>
     <span class='ocr_line' id='line_1_23' title="bbox 91 2962 1238 3067; baseline -0.01 -20"><span class='ocrx_word' id='word_1_169' title='bbox 91 2968 199 3047; x_wconf 76' lang='lat' dir='ltr'><strong>tilica</strong></span> <span class='ocrx_word' id='word_1_170' title='bbox 224 2970 273 3044; x_wconf 86' lang='lat' dir='ltr'><strong>de</strong></span> <span class='ocrx_word' id='word_1_171' title='bbox 298 2992 346 3043; x_wconf 85' lang='lat' dir='ltr'><strong>co</strong></span> <span class='ocrx_word' id='word_1_172' title='bbox 370 2962 542 3067; x_wconf 78' lang='lat' dir='ltr'><strong>judicans</strong></span> <span class='ocrx_word' id='word_1_173' title='bbox 568 2967 816 3062; x_wconf 76' lang='lat' dir='ltr'><strong>Quintilianus</strong></span> <span class='ocrx_word' id='word_1_174' title='bbox 839 2966 934 3042; x_wconf 79' lang='lat' dir='ltr'><strong>lust</strong></span> <span class='ocrx_word' id='word_1_175' title='bbox 963 2967 1031 3041; x_wconf 86' lang='lat' dir='ltr'><strong>Or.</strong></span> <span class='ocrx_word' id='word_1_176' title='bbox 1060 2964 1169 3062; x_wconf 76' lang='lat' dir='ltr'><strong>Libr.</strong></span> <span class='ocrx_word' id='word_1_177' title='bbox 1186 2964 1238 3036; x_wconf 90' lang='lat' dir='ltr'><strong>X.</strong></span> 
     </span>
     <span class='ocr_line' id='line_1_24' title="bbox 92 3082 1240 3186; baseline -0.011 -19"><span class='ocrx_word' id='word_1_178' title='bbox 92 3116 127 3167; x_wconf 78' lang='lat' dir='ltr'><strong>c.</strong></span> <span class='ocrx_word' id='word_1_179' title='bbox 146 3090 183 3165; x_wconf 94' lang='grc' dir='ltr'><strong>Ι.</strong></span> <span class='ocrx_word' id='word_1_180' title='bbox 209 3096 241 3179; x_wconf 67' lang='lat'><strong>§-</strong></span> <span class='ocrx_word' id='word_1_181' title='bbox 263 3087 351 3162; x_wconf 85' lang='lat'><strong>116.</strong></span> <span class='ocrx_word' id='word_1_182' title='bbox 401 3088 563 3178; x_wconf 79' lang='lat' dir='ltr'><strong>„Multa</strong></span> <span class='ocrx_word' id='word_1_183' title='bbox 570 3140 586 3180; x_wconf 88' lang='lat'>‚</span> <span class='ocrx_word' id='word_1_184' title='bbox 611 3088 757 3186; x_wconf 91' lang='lat' dir='ltr'><strong>inquit,</strong></span> <span class='ocrx_word' id='word_1_185' title='bbox 790 3084 829 3162; x_wconf 82' lang='lat' dir='ltr'><strong>ai</strong></span> <span class='ocrx_word' id='word_1_186' title='bbox 851 3112 940 3160; x_wconf 74' lang='lat' dir='ltr'><strong>carm</strong></span> <span class='ocrx_word' id='word_1_187' title='bbox 959 3082 1106 3181; x_wconf 79' lang='lat' dir='ltr'><strong>judicio</strong></span> <span class='ocrx_word' id='word_1_188' title='bbox 1132 3084 1240 3177; x_wconf 80' lang='lat' dir='ltr'><strong>legu-</strong></span> 
     </span>
     <span class='ocr_line' id='line_1_25' title="bbox 90 3198 1242 3303; baseline -0.012 -18"><span class='ocrx_word' id='word_1_189' title='bbox 90 3222 181 3303; x_wconf 71' lang='grc' dir='ltr'><strong>ων,</strong></span> <span class='ocrx_word' id='word_1_190' title='bbox 215 3204 324 3279; x_wconf 78' lang='lat' dir='ltr'><strong>dubit</strong></span> <span class='ocrx_word' id='word_1_191' title='bbox 355 3202 576 3279; x_wconf 78' lang='lat' dir='ltr'><strong>imitatione</strong></span> <span class='ocrx_word' id='word_1_192' title='bbox 608 3206 731 3303; x_wconf 81' lang='lat' dir='ltr'><strong>digua</strong></span> <span class='ocrx_word' id='word_1_193' title='bbox 761 3203 919 3281; x_wconf 67' lang='lat' dir='ltr'><strong>Octauius</strong></span> <span class='ocrx_word' id='word_1_194' title='bbox 944 3207 1129 3293; x_wconf 67' lang='lat' dir='ltr'><strong>Severus,</strong></span> <span class='ocrx_word' id='word_1_195' title='bbox 1171 3198 1242 3299; x_wconf 75' lang='lat' dir='ltr'><strong>qui</strong></span> 
     </span>
     <span class='ocr_line' id='line_1_26' title="bbox 91 3316 1242 3418; baseline -0.015 -13"><span class='ocrx_word' id='word_1_196' title='bbox 91 3326 135 3405; x_wconf 78' lang='lat' dir='ltr'><strong>ai</strong></span> <span class='ocrx_word' id='word_1_197' title='bbox 162 3322 302 3401; x_wconf 74' lang='lat' dir='ltr'><strong>ceteris</strong></span> <span class='ocrx_word' id='word_1_198' title='bbox 334 3321 543 3398; x_wconf 74' lang='lat' dir='ltr'><strong>virmtibua</strong></span> <span class='ocrx_word' id='word_1_199' title='bbox 576 3328 745 3401; x_wconf 82' lang='lat' dir='ltr'><strong>colorem</strong></span> <span class='ocrx_word' id='word_1_200' title='bbox 770 3337 807 3397; x_wconf 84' lang='lat' dir='ltr'><strong>ct</strong></span> <span class='ocrx_word' id='word_1_201' title='bbox 828 3320 1067 3418; x_wconf 78' lang='lat' dir='ltr'><strong>grauitatem</strong></span> <span class='ocrx_word' id='word_1_202' title='bbox 1093 3316 1242 3392; x_wconf 82' lang='lat' dir='ltr'><strong>oratio·</strong></span> 
     </span>
     <span class='ocr_line' id='line_1_27' title="bbox 93 3437 1242 3543; baseline -0.012 -20"><span class='ocrx_word' id='word_1_203' title='bbox 93 3443 164 3523; x_wconf 73' lang='lat' dir='ltr'><strong>ata</strong></span> <span class='ocrx_word' id='word_1_204' title='bbox 198 3440 426 3540; x_wconf 66' lang='lat' dir='ltr'><strong>adiecisset,</strong></span> <span class='ocrx_word' id='word_1_205' title='bbox 460 3446 671 3543; x_wconf 73' lang='lat' dir='ltr'><strong>ponendus</strong></span> <span class='ocrx_word' id='word_1_206' title='bbox 705 3442 810 3517; x_wconf 81' lang='lat' dir='ltr'><strong>iuter</strong></span> <span class='ocrx_word' id='word_1_207' title='bbox 844 3437 1080 3542; x_wconf 71' lang='lat' dir='ltr'><strong>praecipuos</strong></span> <span class='ocrx_word' id='word_1_208' title='bbox 1112 3438 1242 3536; x_wconf 84' lang='lat' dir='ltr'><strong>soret.</strong></span> 
     </span>
    </p>
   </div>
   <div class='ocr_carea' id='block_1_3' title="bbox 95 3641 1271 4589">
    <p class='ocr_par' dir='ltr' id='par_1_3' title="bbox 95 3641 1271 4503">
     <span class='ocr_line' id='line_1_28' title="bbox 183 3641 1271 3727; baseline -0.011 -16"><span class='ocrx_word' id='word_1_209' title='bbox 183 3658 219 3725; x_wconf 89' lang='grc'><strong>7)</strong></span> <span class='ocrx_word' id='word_1_210' title='bbox 241 3646 402 3727; x_wconf 64' lang='lat' dir='ltr'><strong>(loomim</strong></span> <span class='ocrx_word' id='word_1_211' title='bbox 427 3651 483 3710; x_wconf 78' lang='lat' dir='ltr'><strong>iata</strong></span> <span class='ocrx_word' id='word_1_212' title='bbox 507 3651 635 3725; x_wconf 73' lang='lat' dir='ltr'><strong>corporis</strong></span> <span class='ocrx_word' id='word_1_213' title='bbox 665 3648 832 3727; x_wconf 73' lang='lat' dir='ltr'><strong>magnitudo</strong></span> <span class='ocrx_word' id='word_1_214' title='bbox 862 3648 958 3708; x_wconf 74' lang='lat' dir='ltr'><strong>nardo</strong></span> <span class='ocrx_word' id='word_1_215' title='bbox 987 3664 1024 3705; x_wconf 84' lang='lat' dir='ltr'><strong>an</strong></span> <span class='ocrx_word' id='word_1_216' title='bbox 1046 3641 1191 3716; x_wconf 73' lang='lat' dir='ltr'><strong>olfecerit,</strong></span> <span class='ocrx_word' id='word_1_217' title='bbox 1213 3648 1271 3709; x_wconf 84' lang='lat' dir='ltr'><strong>ut¹</strong></span> 
     </span>
     <span class='ocr_line' id='line_1_29' title="bbox 97 3724 1245 3810; baseline -0.016 -8"><span class='ocrx_word' id='word_1_218' title='bbox 97 3738 203 3801; x_wconf 61' lang='lat' dir='ltr'><strong>caesio</strong></span> <span class='ocrx_word' id='word_1_219' title='bbox 230 3736 359 3810; x_wconf 70' lang='lat' dir='ltr'><strong>Senatu,</strong></span> <span class='ocrx_word' id='word_1_220' title='bbox 396 3734 505 3796; x_wconf 70' lang='lat' dir='ltr'><strong>calabri</strong></span> <span class='ocrx_word' id='word_1_221' title='bbox 532 3728 668 3807; x_wconf 49' lang='lat' dir='ltr'><strong>oratorij</strong></span> <span class='ocrx_word' id='word_1_222' title='bbox 700 3738 875 3796; x_wconf 77' lang='lat' dir='ltr'><strong>armentarii</strong></span> <span class='ocrx_word' id='word_1_223' title='bbox 904 3728 1102 3791; x_wconf 77' lang='lat' dir='ltr'><strong>Mirmiilonis</strong></span> <span class='ocrx_word' id='word_1_224' title='bbox 1132 3724 1245 3807; x_wconf 78' lang='lat' dir='ltr'><strong>objectu</strong></span> 
     </span>
     <span class='ocr_line' id='line_1_30' title="bbox 95 3810 1243 3897; baseline -0.018 -8"><span class='ocrx_word' id='word_1_225' title='bbox 95 3828 136 3889; x_wconf 72' lang='lat' dir='ltr'><strong>aa</strong></span> <span class='ocrx_word' id='word_1_226' title='bbox 155 3818 335 3885; x_wconf 53' lang='lat' dir='ltr'><strong>amirado:</strong></span> <span class='ocrx_word' id='word_1_227' title='bbox 364 3842 441 3897; x_wconf 76' lang='lat' dir='ltr'><strong>quoa</strong></span> <span class='ocrx_word' id='word_1_228' title='bbox 466 3833 533 3880; x_wconf 76' lang='lat' dir='ltr'><strong>auru</strong></span> <span class='ocrx_word' id='word_1_229' title='bbox 558 3822 645 3880; x_wconf 78' lang='lat' dir='ltr'><strong>verba</strong></span> <span class='ocrx_word' id='word_1_230' title='bbox 667 3819 754 3880; x_wconf 83' lang='lat' dir='ltr'><strong>Plinii</strong></span> <span class='ocrx_word' id='word_1_231' title='bbox 775 3824 804 3879; x_wconf 91' lang='lat' dir='ltr'><strong>iu</strong></span> <span class='ocrx_word' id='word_1_232' title='bbox 826 3818 865 3879; x_wconf 89' lang='lat' dir='ltr'><strong>N.</strong></span> <span class='ocrx_word' id='word_1_233' title='bbox 885 3817 926 3877; x_wconf 86' lang='lat' dir='ltr'><strong>ll.</strong></span> <span class='ocrx_word' id='word_1_234' title='bbox 950 3816 1036 3876; x_wconf 88' lang='lat' dir='ltr'><strong>Libr.</strong></span> <span class='ocrx_word' id='word_1_235' title='bbox 1053 3810 1125 3871; x_wconf 89' lang='lat' dir='ltr'><strong>Vll.</strong></span> <span class='ocrx_word' id='word_1_236' title='bbox 1150 3818 1243 3870; x_wconf 77' lang='lat' dir='ltr'><strong>e.10.</strong></span> 
     </span>
     <span class='ocr_line' id='line_1_31' title="bbox 96 3904 1246 3983; baseline -0.018 -9"><span class='ocrx_word' id='word_1_237' title='bbox 96 3932 123 3973; x_wconf 75' lang='grc' dir='ltr'>ι</span> <span class='ocrx_word' id='word_1_238' title='bbox 148 3916 202 3973; x_wconf 78' lang='lat'><strong>12.</strong></span> <span class='ocrx_word' id='word_1_239' title='bbox 250 3904 329 3979; x_wconf 77' lang='lat' dir='ltr'><strong>Noc,</strong></span> <span class='ocrx_word' id='word_1_240' title='bbox 352 3909 402 3983; x_wconf 83' lang='lat' dir='ltr'><strong>qui</strong></span> <span class='ocrx_word' id='word_1_241' title='bbox 434 3906 590 3965; x_wconf 71' lang='lat' dir='ltr'><strong>teruncium</strong></span> <span class='ocrx_word' id='word_1_242' title='bbox 620 3927 719 3965; x_wconf 83' lang='lat' dir='ltr'><strong>vocem</strong></span> <span class='ocrx_word' id='word_1_243' title='bbox 749 3907 904 3981; x_wconf 86' lang='lat' dir='ltr'><strong>plurimum</strong></span> <span class='ocrx_word' id='word_1_244' title='bbox 937 3906 967 3962; x_wconf 90' lang='lat' dir='ltr'><strong>in</strong></span> <span class='ocrx_word' id='word_1_245' title='bbox 998 3911 1110 3960; x_wconf 78' lang='lat' dir='ltr'><strong>oratore</strong></span> <span class='ocrx_word' id='word_1_246' title='bbox 1140 3908 1246 3973; x_wconf 80' lang='lat' dir='ltr'><strong>potest,</strong></span> 
     </span>
     <span class='ocr_line' id='line_1_32' title="bbox 97 3983 1248 4065; baseline -0.018 -6"><span class='ocrx_word' id='word_1_247' title='bbox 97 3996 199 4059; x_wconf 75' lang='lat' dir='ltr'><strong>nitu</strong></span> <span class='ocrx_word' id='word_1_248' title='bbox 221 3995 250 4055; x_wconf 76' lang='lat' dir='ltr'><strong>ai</strong></span> <span class='ocrx_word' id='word_1_249' title='bbox 270 3992 362 4051; x_wconf 74' lang='lat' dir='ltr'><strong>deluit</strong></span> <span class='ocrx_word' id='word_1_250' title='bbox 384 3991 420 4051; x_wconf 80' lang='lat' dir='ltr'><strong>ul</strong></span> <span class='ocrx_word' id='word_1_251' title='bbox 440 3993 594 4065; x_wconf 76' lang='lat' dir='ltr'><strong>mjuslibct</strong></span> <span class='ocrx_word' id='word_1_252' title='bbox 614 4012 732 4051; x_wconf 73' lang='lat' dir='ltr'><strong>carrucae</strong></span> <span class='ocrx_word' id='word_1_253' title='bbox 754 3993 892 4050; x_wconf 83' lang='lat' dir='ltr'><strong>rationem</strong></span> <span class='ocrx_word' id='word_1_254' title='bbox 913 3989 1105 4063; x_wconf 73' lang='lat' dir='ltr'><strong>compositust</strong></span> <span class='ocrx_word' id='word_1_255' title='bbox 1128 3984 1157 4041; x_wconf 84' lang='lat' dir='ltr'><strong>id</strong></span> <span class='ocrx_word' id='word_1_256' title='bbox 1171 3983 1248 4058; x_wconf 83' lang='lat' dir='ltr'><strong>quod</strong></span> 
     </span>
     <span class='ocr_line' id='line_1_33' title="bbox 98 4068 1247 4155; baseline -0.015 -12"><span class='ocrx_word' id='word_1_257' title='bbox 98 4080 173 4143; x_wconf 74' lang='lat' dir='ltr'><strong>nitu</strong></span> <span class='ocrx_word' id='word_1_258' title='bbox 193 4078 298 4139; x_wconf 74' lang='lat' dir='ltr'><strong>videor</strong></span> <span class='ocrx_word' id='word_1_259' title='bbox 317 4078 456 4155; x_wconf 76' lang='lat' dir='ltr'><strong>colligere</strong></span> <span class='ocrx_word' id='word_1_260' title='bbox 476 4097 563 4153; x_wconf 76' lang='lat' dir='ltr'><strong>posue</strong></span> <span class='ocrx_word' id='word_1_261' title='bbox 582 4098 619 4135; x_wconf 81' lang='lat' dir='ltr'><strong>cx</strong></span> <span class='ocrx_word' id='word_1_262' title='bbox 640 4076 810 4154; x_wconf 70' lang='lat' dir='ltr'><strong>Quintiliani</strong></span> <span class='ocrx_word' id='word_1_263' title='bbox 830 4075 902 4136; x_wconf 82' lang='lat' dir='ltr'><strong>lust.</strong></span> <span class='ocrx_word' id='word_1_264' title='bbox 924 4072 980 4133; x_wconf 86' lang='lat' dir='ltr'><strong>Or.</strong></span> <span class='ocrx_word' id='word_1_265' title='bbox 1005 4070 1086 4129; x_wconf 83' lang='lat' dir='ltr'><strong>Libr.</strong></span> <span class='ocrx_word' id='word_1_266' title='bbox 1102 4068 1156 4127; x_wconf 81' lang='lat' dir='ltr'><strong>vl.</strong></span> <span class='ocrx_word' id='word_1_267' title='bbox 1180 4090 1205 4127; x_wconf 88' lang='lat' dir='ltr'><strong>c.</strong></span> <span class='ocrx_word' id='word_1_268' title='bbox 1220 4076 1247 4127; x_wconf 84' lang='lat'><strong>1.</strong></span> 
     </span>
     <span class='ocr_line' id='line_1_34' title="bbox 99 4152 1249 4247; baseline -0.014 -22"><span class='ocrx_word' id='word_1_269' title='bbox 99 4168 129 4247; x_wconf 62' lang='grc' dir='ltr'><strong>ς.</strong></span> <span class='ocrx_word' id='word_1_270' title='bbox 144 4172 200 4229; x_wconf 76' lang='grc'><strong>43.</strong></span> <span class='ocrx_word' id='word_1_271' title='bbox 251 4160 342 4237; x_wconf 82' lang='lat' dir='ltr'><strong>„Nau</strong></span> <span class='ocrx_word' id='word_1_272' title='bbox 375 4163 499 4221; x_wconf 67' lang='lat' dir='ltr'><strong>adnuitur</strong></span> <span class='ocrx_word' id='word_1_273' title='bbox 528 4160 582 4220; x_wconf 77' lang='lat' dir='ltr'><strong>lroc</strong></span> <span class='ocrx_word' id='word_1_274' title='bbox 609 4162 686 4221; x_wconf 85' lang='lat' dir='ltr'><strong>idem</strong></span> <span class='ocrx_word' id='word_1_275' title='bbox 715 4166 839 4237; x_wconf 76' lang='lat' dir='ltr'><strong>veritas,</strong></span> <span class='ocrx_word' id='word_1_276' title='bbox 868 4162 1042 4237; x_wconf 73' lang='lat' dir='ltr'><strong>egregieque</strong></span> <span class='ocrx_word' id='word_1_277' title='bbox 1064 4154 1184 4214; x_wconf 73' lang='lat' dir='ltr'><strong>Cassius</strong></span> <span class='ocrx_word' id='word_1_278' title='bbox 1205 4152 1249 4209; x_wconf 86' lang='lat' dir='ltr'><strong>di·</strong></span> 
     </span>
     <span class='ocr_line' id='line_1_35' title="bbox 100 4238 1250 4327; baseline -0.016 -12"><span class='ocrx_word' id='word_1_279' title='bbox 100 4252 178 4315; x_wconf 72' lang='lat' dir='ltr'><strong>mu</strong></span> <span class='ocrx_word' id='word_1_280' title='bbox 207 4248 436 4311; x_wconf 68' lang='lat' dir='ltr'><strong>odolesoeumtoz</strong></span> <span class='ocrx_word' id='word_1_281' title='bbox 471 4246 546 4327; x_wconf 79' lang='lat' dir='ltr'><strong>quid</strong></span> <span class='ocrx_word' id='word_1_282' title='bbox 563 4269 618 4309; x_wconf 82' lang='lat' dir='ltr'><strong>,mc</strong></span> <span class='ocrx_word' id='word_1_283' title='bbox 644 4263 725 4307; x_wconf 85' lang='lat' dir='ltr'><strong>toruo</strong></span> <span class='ocrx_word' id='word_1_284' title='bbox 745 4247 826 4305; x_wconf 81' lang='lat' dir='ltr'><strong>uultu</strong></span> <span class='ocrx_word' id='word_1_285' title='bbox 845 4249 987 4316; x_wconf 76' lang='lat' dir='ltr'><strong>intueris,</strong></span> <span class='ocrx_word' id='word_1_286' title='bbox 1018 4242 1148 4301; x_wconf 68' lang='lat' dir='ltr'><strong>Seuere?</strong></span> <span class='ocrx_word' id='word_1_287' title='bbox 1179 4238 1250 4294; x_wconf 78' lang='lat' dir='ltr'><strong>Non</strong></span> 
     </span>
     <span class='ocr_line' id='line_1_36' title="bbox 100 4332 1250 4415; baseline -0.014 -16"><span class='ocrx_word' id='word_1_288' title='bbox 100 4360 148 4399; x_wconf 70' lang='lat' dir='ltr'><strong>m</strong></span> <span class='ocrx_word' id='word_1_289' title='bbox 169 4334 307 4409; x_wconf 69' lang='lat' dir='ltr'><strong>tenuo,</strong></span> <span class='ocrx_word' id='word_1_290' title='bbox 326 4336 438 4409; x_wconf 80' lang='lat' dir='ltr'><strong>iuquit,</strong></span> <span class='ocrx_word' id='word_1_291' title='bbox 450 4332 629 4415; x_wconf 74' lang='lat' dir='ltr'><strong>flectebam,</strong></span> <span class='ocrx_word' id='word_1_292' title='bbox 649 4332 703 4393; x_wconf 79' lang='lat' dir='ltr'><strong>sed</strong></span> <span class='ocrx_word' id='word_1_293' title='bbox 722 4338 765 4393; x_wconf 68' lang='grc' dir='ltr'><strong>εἰσ</strong></span> <span class='ocrx_word' id='word_1_294' title='bbox 784 4334 952 4409; x_wconf 54' lang='lat' dir='ltr'><strong>tumuisti:</strong></span> <span class='ocrx_word' id='word_1_295' title='bbox 982 4332 1067 4390; x_wconf 80' lang='lat' dir='ltr'><strong>ecce!</strong></span> <span class='ocrx_word' id='word_1_296' title='bbox 1094 4337 1142 4400; x_wconf 79' lang='lat' dir='ltr'><strong>et,</strong></span> <span class='ocrx_word' id='word_1_297' title='bbox 1164 4340 1250 4396; x_wconf 76' lang='lat' dir='ltr'><strong>quma</strong></span> 
     </span>
     <span class='ocr_line' id='line_1_37' title="bbox 102 4420 765 4503; baseline -0.006 -20"><span class='ocrx_word' id='word_1_298' title='bbox 102 4425 217 4503; x_wconf 78' lang='lat' dir='ltr'><strong>potnit,</strong></span> <span class='ocrx_word' id='word_1_299' title='bbox 246 4420 489 4485; x_wconf 76' lang='lat' dir='ltr'><strong>truculentissima</strong></span> <span class='ocrx_word' id='word_1_300' title='bbox 510 4440 577 4477; x_wconf 80' lang='lat' dir='ltr'><strong>cum</strong></span> <span class='ocrx_word' id='word_1_301' title='bbox 598 4420 765 4496; x_wconf 76' lang='lat' dir='ltr'><strong>adspexit.“</strong></span> 
     </span>
    </p>

    <p class='ocr_par' dir='ltr' id='par_1_4' title="bbox 149 4514 1039 4589">
     <span class='ocr_line' id='line_1_38' title="bbox 149 4514 1039 4589; baseline -0.011 -4"><span class='ocrx_word' id='word_1_302' title='bbox 149 4522 346 4585; x_wconf 76' lang='lat' dir='ltr'><strong>Wncnm.</strong></span> <span class='ocrx_word' id='word_1_303' title='bbox 370 4518 547 4583; x_wconf 71' lang='lat' dir='ltr'><strong>(luuntur.</strong></span> <span class='ocrx_word' id='word_1_304' title='bbox 990 4514 1039 4589; x_wconf 81' lang='grc'><strong>13</strong></span> 
     </span>
    </p>
   </div>
   <div class='ocr_carea' id='block_1_4' title="bbox 0 0 1373 5294">
    <p class='ocr_par' dir='ltr' id='par_1_5' title="bbox 0 0 1373 5294">
     <span class='ocr_line' id='line_1_39' title="bbox 0 0 1373 5294; baseline 0 0"><span class='ocrx_word' id='word_1_305' title='bbox 0 0 1373 5294; x_wconf 95' lang='lat' dir='ltr'><strong> </strong></span> 
     </span>
    </p>
   </div>
  </div>
 </body>
</html>
