2670 5294
474 280 523 331 as
551 281 687 332 csss1o
706 281 926 333 rsnrrsuss.
1203 260 1271 334 181

122 447 176 523 ri
180 470 205 521 c
215 445 322 543 r²).“
379 442 439 519 Ile
464 442 671 519 Annalium
695 443 963 521 Cassianorum
987 454 1209 548 argumento
1234 455 1275 521 et

123 566 274 643 ambitu
298 565 475 643 disseruit
498 564 602 639 Frid.
627 562 895 640 Lachmannus
921 562 970 641 ‹le
993 565 1179 641 Fontibus
1204 565 1274 639 lli·

105 685 277 763 -storian
303 686 353 759 Τ.
370 683 473 760 Livii
497 709 536 782 p.
555 683 618 757 44.
642 683 747 759 haud
771 690 916 759 temere
933 684 1155 782 suspicetis,
1182 684 1274 759 Cas·

125 806 230 879 sirmi
254 802 456 878 Heminam
490 803 540 877 ab
565 801 679 879 Livio
703 802 919 903 neglectum
951 827 1053 897 esse,
1094 803 1274 901 quomam

123 927 166 1000 in
198 921 338 999 fabulis
380 921 602 1022 colligendis
637 928 677 997 et
709 921 752 995 in
785 922 945 996 urbium
972 923 1191 997 nominibus
1225 924 1273 997 ad

124 1041 397 1143 etymologiam
421 1041 651 1117 revocandis
664 1039 779 1115 nimis
795 1041 966 1117 curiosus
982 1042 1127 1117 luisset.
1167 1040 1274 1117 Scri·

124 1163 203 1263 psit
238 1162 355 1236 etiarn
388 1161 439 1233 tle
472 1158 727 1251 vomeribus,
774 1155 880 1260 eujus
917 1161 1091 1260 opusculi
1129 1161 1273 1235 librum

125 1281 336 1357 secsmdum
369 1279 497 1353 laudat
528 1276 674 1353 Nonius
706 1303 738 1352 s.
762 1304 802 1356 v.
826 1277 980 1375 uaoliri,
1012 1308 1052 1380 p.
1076 1281 1174 1372 346,
1209 1282 1272 1354 22.

124 1401 209 1492 „Er
232 1397 278 1473 iu
301 1424 399 1472 arces
422 1397 468 1473 iu
486 1395 681 1496 Capitolio
706 1395 823 1492 segue
848 1424 950 1498 puae
974 1410 1111 1489 eram,
1138 1400 1272 1473 desno-

125 1518 332 1594 liuntur&
358 1539 456 1615 quae
482 1518 641 1592 verbaa
663 1516 830 1591 Kreusio
855 1516 881 1590 l.
898 1540 933 1592 e.
958 1544 998 1616 p.
1019 1517 1105 1592 159.
1127 1517 1169 1592 in
1193 1516 1273 1592 An·

123 1635 270 1715 uatium
293 1634 401 1713 Libr.
417 1632 468 1709 11.
491 1634 729 1737 Fragmentis
753 1634 922 1737 reposita
946 1660 1031 1712 osso
1054 1634 1189 1711 miror.

650 1844 748 1935 Η.

229 2014 386 2090 Praeter
415 2002 590 2089 cassian
624 2013 847 2112 lleminam,
886 2013 1089 2089 Annalimn
1114 2015 1274 2114 scripto·

123 2160 232 2229 rem,
264 2130 439 2235 Maffejus
464 2135 629 2233 probare
654 2134 817 2228 studuit,
853 2135 1047 2210 exstitisse
1073 2134 1188 2209 etiam
1213 2134 1274 2207 hi·

124 2254 312 2331 storieum
349 2255 577 2352 quemdam,
624 2252 758 2328 Titum
794 2252 987 2329 Gessium.
1054 2251 1151 2327 Nam
1185 2276 1275 2327 otuu

125 2374 172 2449 G.
207 2372 352 2448 Plinius
389 2371 494 2445 Libr.
520 2370 590 2445 IV.
622 2370 743 2470 Epist.
764 2372 828 2445 28.
860 2381 892 2461 t.
912 2373 948 2447 l.
975 2371 1098 2465 amico
1123 2370 1273 2446 cuidam

125 2519 221 2586 suo,
254 2489 390 2567 Severi
413 2489 590 2584 nominas,
626 2489 837 2588 scripserim
872 2488 1131 2584 ‚floreamus
1161 2493 1275 2563 Seve-

125 2638 220 2703 rus,
263 2610 328 2687 vir
362 2608 632 2699 doctissimus,
675 2606 817 2703 magui
845 2606 1028 2684 aest-mut
1064 2607 1109 2683 in
1140 2606 1276 2683 biblio·

125 2731 242 2807 thece
285 2754 363 2804 usu
402 2714 549 2829 ponere
587 2725 782 2823 imagines
815 2726 1058 2829 municipum
1099 2739 1274 2820 tuorum,

129 2847 306 2927 Cornelii
332 2847 497 2947 Nepotis
530 2858 567 2920 et
599 2844 685 2921 stt-t
709 2844 862 2924 Cassii:
893 2845 1090 2946 petitpuc‚
1121 2844 1160 2921 si
1182 2859 1276 2922 suut

125 2966 264 3063 cistilio,
298 2979 345 3041 ut
379 2990 462 3041 esse
494 2964 675 3040 credibile
699 2976 779 3056 est,
813 2963 1090 3040 exscribendus
1108 2964 1277 3064 pingen-

127 3088 279 3188 dasque
293 3087 515 3183 erogem«
537 3085 630 3159 inde
646 3081 821 3185 Maffejus
836 3083 1000 3184 collegit,
1026 3084 1128 3161 huno
1144 3085 1277 3160 Tittun

127 3205 303 3283 Mum
337 3228 426 3279 eum
460 3202 637 3279 Cornelio
673 3202 818 3304 Nepote
852 3200 1076 3279 Veronense
1117 3201 1278 3305 conjun-

127 3332 255 3418 otum,
282 3331 322 3399 'et
345 3323 612 3399 veronensem
635 3321 751 3399 firisse
780 3331 821 3399 et
844 3322 1090 3397 historiarum
1115 3324 1278 3421 scripto-

127 3468 229 3521 rem.
280 3441 423 3541 Atque,
458 3448 503 3515 ut
526 3437 606 3542 jam
631 3440 783 3518 Gortius
816 3442 865 3515 ad
888 3438 1001 3512 Plinii
1024 3439 1051 3513 l.
1072 3465 1106 3514 o.
1132 3464 1171 3538 p.
1188 3440 1277 3514 314.

129 3561 350 3656 adsensit,
392 3561 489 3653 solet
523 3561 625 3658 apud
659 3562 753 3637 alios
779 3581 935 3659 quoque
961 3556 1165 3656 scriptores
1190 3581 1278 3633 cum
1319 3638 1322 3642 ,

129 3681 281 3783 Nepote
314 3680 494 3780 componi
519 3679 670 3757 Cassius
696 3681 865 3781 quidm
928 3676 994 3753 Sic
1020 3675 1278 3753 Tertullianus

219 3958 257 4033 2)
278 3952 334 4019 Est
352 3957 431 4017 euim
450 3952 505 4017 hoc
525 3956 556 4016 iu
581 3954 739 4031 exemplis,
773 3974 848 4030 quse
868 3948 1031 4012 Priscianus
1060 3949 1144 4012 effert
1177 3953 1280 4028 proba-

131 4056 240 4121 turus,
259 4044 474 4115 vetustissimos
490 4043 647 4117 scriptores
667 4050 800 4100 neutrum
822 4036 1086 4115 comparativorum
1106 4040 1137 4098 iu
1157 4060 1193 4100 or
1212 4038 1280 4098 fini·

129 4132 214 4191 visse
235 4140 267 4191 et
286 4129 418 4189 camdem
447 4130 674 4189 terminationem
693 4144 870 4187 communem
901 4127 989 4184 trium
1017 4145 1156 4200 generum
1177 4125 1277 4183 tuisse.

129 4214 262 4279 Proinde
282 4212 422 4274 Valerius
441 4212 545 4275 Antias
574 4226 694 4274 scuctm
714 4210 873 4272 connitum
894 4214 998 4285 prior,
1028 4208 1168 4272 Claudius
1192 4211 1280 4285 prior

130 4298 245 4361 husus
279 4310 310 4362 et
330 4298 450 4384 foedus
473 4302 564 4376 prior
591 4301 782 4374 scripserant:
814 4297 881 4360 vide
908 4294 1102 4357 Ruldimauni
1129 4294 1198 4355 lust.
1225 4288 1278 4349 Gr·

132 4384 176 4449 Τ.
192 4384 222 4450 1.
242 4408 273 4465 p.
292 4392 345 4450 19.
369 4384 426 4449 No.
438 4391 473 4449 7.
493 4384 541 4447 ed.
557 4382 662 4447 susse

1256 4530 1271 4600 i
