2670 5294
450 669 906 725 enarrarre.
1195 676 1296 741 vn,

106 849 351 952 exspatiandi
375 849 483 928 velut
506 851 550 926 in
577 852 828 929 amoenitates
858 877 941 931 non
971 853 1256 954 intempestivas

105 1017 144 1081 et
170 1005 384 1081 disserendi
409 1006 459 1080 de
481 1006 613 1082 mrdtis
638 1006 742 1103 aliis,
768 1029 868 1106 quae
890 1031 978 1084 eum
996 1006 1137 1085 hormn
1162 1034 1258 1109 poe·

107 1168 238 1234 tarum
261 1159 341 1235 vita
374 1160 585 1260 smdiisque
616 1161 703 1260 plus
734 1159 864 1236 rnimrs
882 1159 1093 1263 'eonjuneta
1117 1170 1257 1238 essent.

107 1313 286 1413 Denique
310 1339 388 1413 quo
412 1313 606 1390 lubentius
629 1314 672 1390 in
695 1315 770 1390 hoo
794 1323 1017 1417 argumento
1038 1316 1256 1416 diutiusque

110 1474 284 1543 versams
313 1492 441 1563 eram,
476 1467 552 1545 hoe
575 1466 836 1544 vehementius
868 1469 1122 1568 exoptabam,
1157 1476 1201 1543 ut
1236 1494 1259 1545 a

110 1620 214 1696 Viris
240 1622 361 1698 deotis
385 1622 596 1723 peritisque
620 1621 758 1699 hanam
781 1646 914 1699 renna
938 1623 1092 1698 arbitris
1119 1625 1260 1700 edoee·

108 1801 195 1872 rer,
238 1785 371 1852 utrum
401 1775 443 1851 in
475 1775 550 1853 lrao
582 1776 641 1852 rei
671 1775 878 1853 lianafiao
909 1775 1105 1852 Romanae
1136 1785 1258 1877 parte,

109 1953 211 2030 quae
230 1931 281 2005 ad
298 1929 372 2006 hoe
389 1952 510 2030 mque
529 1937 682 2032 tempus
704 1953 822 2030 quam
846 1930 988 2006 ineulta
1010 1931 1261 2031 neglectaque

110 2082 294 2186 jacuerit,
318 2107 436 2160 nemo
459 2084 601 2180 nesoit,
635 2109 725 2160 eum
748 2084 1041 2186 pervestiganda
1065 2091 1147 2157 tum
1173 2082 1260 2157 illu-

111 2239 269 2314 stranda
293 2238 625 2339 operaepretium
649 2237 844 2334 fecissem,
870 2262 942 2314 nee
962 2262 1025 2315 ne.
1063 2235 1151 2314 Jam
1171 2261 1260 2312 oum

112 2393 332 2470 istiusmodi
356 2392 477 2466 libelli
500 2358 734 2486 scholastici,
758 2391 829 2469 vix
843 2391 1007 2493 inspecti
1032 2415 1056 2467 a
1079 2391 1260 2490 quopiam

111 2547 304 2647 laetique,
332 2544 472 2621 deferri
497 2546 661 2642 soleant,
686 2552 730 2621 ut
753 2545 871 2622 Poeta
896 2546 971 2642 nit,

356 2697 402 2773 in
425 2697 554 2774 viem
577 2698 808 2772 ventem
830 2710 896 2772 tus
921 2708 960 2773 et
984 2700 1123 2774 odores

167 2854 223 2929 Et
242 2852 360 2954 piper
384 2863 423 2926 et
447 2847 636 2954 quidquid
658 2849 809 2926 σλαήὺ
833 2850 1021 2928 ann'cs‘tur
1043 2851 1202 2954 ineptas,

110 3015 156 3084 et
181 3007 376 3082 rarissime
399 3003 595 3082 inveniant
618 3028 818 3082 oensorem
848 3030 991 3083 nanim
1021 3031 1067 3082 ae
1100 3007 1260 3108 diligen·

108 3170 219 3256 tam,
245 3159 398 3255 enred,
422 3164 469 3233 ut
484 3157 590 3234 illam
607 3158 727 3238 veluti
743 3158 870 3261 bigam
891 3158 1263 3236 Commentationum

110 3316 167 3391 de
208 3312 254 3389 L.
288 3312 408 3389 Vario
448 3319 488 3387 et
519 3311 649 3388 Cassio
678 3308 874 3389 Parmensi
918 3338 1040 3387 unum
1080 3312 1264 3389 volumen

112 3465 440 3567 eompleoteretur
461 3465 580 3565 idque
605 3464 661 3541 sio
684 3465 923 3542 eomundus
947 3465 1147 3543 hominum
1173 3490 1266 3542 eru·

116 3621 287 3696 ditorum
308 3616 452 3722 judioio
476 3615 737 3720 subjioeretur.

221 3774 291 3851 llis
315 3775 367 3851 de
391 3773 569 3850 editionis
590 3772 750 3850 iteratae
765 3772 924 3850 oonsilio
939 3773 1175 3874 praemissis,
1201 3797 1264 3850 res

118 3930 202 4030 ipsa
219 3929 421 4022 admonet,
443 3933 489 4002 ut
508 3926 558 4002 de
573 3925 675 4001 illins
697 3926 911 4029 argumenti
934 3927 1119 4004 meandi
1134 3927 1264 4021 modo,

123 4106 200 4180 quo
223 4106 318 4157 usus
341 4105 451 4177 urm,
476 4101 599 4181 panta
623 4078 760 4154 diuam.
812 4079 918 4175 Quae
944 4081 994 4156 de
1016 4046 1179 4178 auoque
1197 4078 1265 4153 illo

124 4243 234 4335 poeta
259 4236 364 4337 apud
380 4235 584 4337 seriptores
600 4241 753 4311 veteres
769 4233 1015 4332 reperiuntur
1038 4232 1265 4329 testimonia,

122 4412 168 4466 ea
199 4412 320 4490 mam
350 4411 474 4490 pauoa
505 4387 582 4464 sint
613 4393 655 4463 et
685 4409 802 4486 mam
834 4385 951 4462 dubia
978 4386 1266 4488 maximamque

121 4552 271 4645 putem
289 4550 558 4637 oontrorersa,
581 4540 777 4617 neminem
794 4562 878 4617 esse
896 4549 991 4641 puto
1016 4541 1084 4642 qui
1106 4541 1269 4644 ignoret.

125 4693 326 4801 Ejusmodi
354 4695 474 4799 ip‘tur
495 4695 580 4775 loeo
604 4696 755 4772 deserta
774 4715 823 4772 ao
847 4695 1037 4776 sentieosa
1061 4720 1150 4774 urm
1173 4693 1271 4772 mihi
