2686 5236
99 593 176 671 342
432 614 485 665 nn
515 613 652 665 casuro
679 612 904 665 remansi.

97 779 252 857 nomine
284 781 341 854 Μ.
366 775 570 853 Antonius
604 777 749 871 doun,
782 776 901 877 vulgo
934 799 962 851 a
996 775 1236 874 scriptordun

99 897 324 998 praesertim
349 895 524 989 Graecis,
550 892 709 993 Aruyut
730 894 887 970 nomine
913 902 1236 970 commemoratu.

101 1016 159 1110 ls,
184 1015 286 1093 lulio
304 1016 465 1092 Caesare
481 1012 704 1108 interiecto,
730 1037 827 1113 puer
850 1014 1025 1089 tenellus
1052 1015 1239 1089 admodum

103 1136 216 1211 obses
243 1137 353 1210 datura
379 1142 438 1209 est
462 1133 512 1206 ll.
538 1133 657 1206 Bruto
683 1139 724 1206 et
750 1132 793 1208 C.
821 1130 973 1226 Cassio,
1000 1132 1046 1206 in
1074 1130 1241 1232 Capitolia

103 1254 356 1344 latitantibus,
382 1258 518 1351 estque
542 1275 640 1350 puer
663 1250 737 1325 iste
762 1251 899 1325 nobilis
919 1250 980 1326 M.
998 1250 1241 1327 Bambalionis

104 1397 246 1470 nepos,
283 1394 401 1469 quam
433 1369 653 1471 perstringit
685 1368 817 1444 Cicero
849 1370 1020 1469 Philipp.
1048 1369 1106 1443 Π.
1139 1394 1172 1446 ο.
1193 1370 1242 1445 it.

105 1489 199 1565 Inde
225 1513 248 1563 a
272 1489 413 1563 teneris
439 1489 588 1564 videar
613 1488 728 1587 patris
753 1495 875 1563 castra
899 1496 1062 1565 secutus
1088 1486 1243 1565 merei

106 1630 227 1705 puero
252 1606 415 1682 vixdum
439 1606 609 1682 novenni
627 1607 765 1682 Caesar
782 1605 1018 1700 Octavianus
1047 1606 1243 1706 desponde·

107 1726 175 1800 hat
198 1724 337 1802 Juliam
361 1725 497 1820 liliam,
531 1750 609 1823 quo
640 1723 786 1828 firmior
810 1724 1010 1801 videretur
1036 1726 1143 1801 male
1164 1733 1245 1800 sarh

108 1843 266 1920 Tarenti
284 1868 386 1920 anno
405 1845 450 1919 U.
471 1843 513 1919 C.
532 1847 620 1920 717.
644 1843 743 1918 inter
766 1851 976 1941 utriunque
992 1843 1245 1921 Triumvinrn

109 1963 249 2064 gratias
274 1987 314 2039 v.
340 1960 513 2038 Suetonii
536 1962 635 2063 Aug.
662 1986 697 2038 o.
717 1964 781 2037 63.
806 1961 899 2060 ihiq.
925 1960 1061 2063 lntpp.
1088 2004 1142 2018 —
1173 1962 1244 2037 Ala·

109 2081 297 2156 xandriae
329 2105 417 2156 cum
450 2089 560 2180 patre
594 2089 847 2156 commoratus
871 2082 1064 2183 magistro
1090 2108 1179 2158 auru
1197 2092 1244 2157 aa

111 2197 353 2298 Euphronio,
386 2206 428 2273 ut
453 2199 632 2274 discimus
658 2223 711 2274 ex
736 2198 939 2275 Plutarcho
965 2224 1001 2277 c.
1031 2203 1099 2277 73.
1148 2201 1244 2275 Pater

112 2340 166 2392 ex
207 2341 336 2418 pugna
379 2317 530 2393 Actiaca
571 2318 843 2393 Alexandriam
883 2341 1089 2415 reversus,
1134 2329 1243 2421 togam

111 2434 264 2513 virilem
298 2435 404 2511 dedit
437 2436 588 2533 Antyllo
625 2442 666 2511 et
699 2434 936 2531 Caesariani,
969 2438 1069 2516 Julii
1094 2438 1243 2517 Caesaris

113 2563 154 2630 et
180 2555 400 2652 Cleopatrae
425 2553 524 2650 filio,
558 2555 599 2628 ἵν’
620 2559 658 2629 oi'
681 2585 714 2628 aa
740 2558 947 2650 Αἰγύπτιοι,
978 2558 1027 2645 ὡς
1059 2565 1116 2634 καὶ
1144 2558 1242 2649 ἀνδρός

113 2694 202 2749 τινος
232 2665 295 2759 ἤδη
323 2671 558 2756 βασιλεύοντος
586 2675 696 2762 σφῶν,
727 2678 1000 2763 ceodrum-trior,
1033 2677 1093 2744 καὶ
1114 2673 1146 2745 oi
1165 2668 1243 2742 dtur

115 2773 307 2861 προστάτας
333 2770 460 2851 ἐκεῖνος
467 2821 477 2850 ,
508 2765 549 2840 ὅν
576 2773 613 2862 γέ
641 2799 675 2840 τι
703 2774 811 2842 δεινὸν
838 2773 937 2865 σφίσι
967 2782 1104 2868 συμβῇ,
1136 2775 1243 2862 ἔχοντες

116 2878 374 2972 repacificatur,
401 2883 447 2949 ut
471 2877 525 2951 ait
548 2879 623 2953 Dio
649 2878 751 2954 Cass·
771 2878 878 2955 Lihr.
896 2881 964 2957 LI.
991 2908 1027 2958 c.
1047 2885 1083 2959 6.
1102 2883 1147 2960 el.
1170 2882 1243 2955 Plu·

116 2995 236 3069 taroh.
264 3020 298 3070 c.
325 2998 389 3069 72.
448 2996 504 3070 Ea
529 3004 656 3072 antem
680 3022 742 3073 res
767 2999 920 3100 utrique
948 3002 1177 3079 acceleravit
1196 3002 1244 3075 in·

116 3114 294 3187 teritumz
332 3138 422 3187 uam
457 3114 596 3190 Caesar
629 3115 856 3192 Octavianus
888 3144 1024 3195 mense
1061 3121 1193 3197 Sextili
1217 3143 1244 3193 a.

115 3230 162 3305 U.
189 3231 232 3306 C.
259 3232 347 3305 724.
381 3233 653 3310 Alexandriam
685 3237 808 3312 vietor
839 3238 1036 3338 ingressus
1069 3240 1245 3336 Antyllrm

116 3372 289 3447 querula,
315 3374 338 3423 a
355 3350 562 3426 Theodoro
580 3353 795 3456 paedagogo
815 3356 1040 3455 proditum,
1064 3359 1246 3434 sacelloet

117 3467 318 3541 simrdacro
345 3468 392 3540 D.
415 3468 601 3563 Caesaris,
629 3474 676 3544 ad
703 3475 805 3570 quod
830 3482 917 3574 post
943 3477 1087 3553 multas
1112 3487 1152 3555 et
1173 3476 1246 3553 irri-

116 3592 172 3659 tas
217 3608 348 3683 preces
389 3586 629 3689 confugerat,
674 3592 874 3690 abreptum
912 3594 1132 3687 interemit:
1180 3596 1245 3673 vid.

118 3700 275 3778 Sueten.
316 3727 350 3780 c.
388 3709 448 3778 17.
490 3707 584 3805 ibiq.
618 3708 817 3786 BCrusius.
885 3710 988 3786 Puer
1032 3716 1107 3791 iste
1149 3738 1246 3817 vam

117 3829 267 3896 matrrre
300 3823 492 3897 exstiterit
527 3834 707 3925 paternae
749 3829 925 3904 luxuriae
968 3842 1246 3933 sumptuumque

119 3936 326 4015 effusorum
361 3943 550 4037 aemulus,
595 3953 851 4021 contestantur
895 3973 964 4045 ea,
1010 3976 1114 4066 quiae
1148 3954 1247 4029 relata

119 4056 280 4160 legimus
307 4061 408 4159 apud
434 4060 678 4138 Plutarchum
704 4091 737 4142 c.
759 4069 822 4140 28.
1084 4058 1087 4063 ¹

220 4211 330 4288 Alter
344 4210 397 4288 M.
413 4212 566 4288 Antonii
591 4223 629 4291 et
645 4216 801 4296 Fuluiae
827 4218 925 4296 lilius
951 4221 1025 4298 fida
1043 4226 1162 4301 Iulus
1175 4221 1248 4300 Aa·

120 4327 271 4421 toalias,
306 4332 355 4406 de
387 4356 465 4429 quc
489 4333 609 4409 fusius
635 4334 697 4410 hio
723 4337 890 4413 scrihere
914 4340 1163 4421 instituimus.
1208 4343 1249 4416 Ac

119 4445 288 4543 primum
313 4450 469 4548 quidem
493 4456 728 4529 monendrun
755 4464 831 4551 est,
857 4455 973 4536 Viros
991 4462 1127 4538 doctos
1150 4461 1249 4541 veha-

118 4569 269 4638 menter
302 4566 519 4666 dissentire,
554 4571 716 4649 fueritne
744 4574 810 4650 ille
833 4577 1054 4658 nominatus
1078 4584 1192 4657 Iulus
1211 4602 1249 4653 au

119 4676 276 4762 luleus?
301 4683 459 4765 Codices
485 4692 588 4767 enim
606 4692 832 4794 scriptorum
852 4691 1094 4777 Graecorum
1112 4701 1248 4779 Latino·
