2670 5294
149 664 228 741 366
494 681 543 733 or
565 678 703 733 casoro
723 677 948 733 acturust.

148 849 257 924 «lictu
300 845 557 942 „Qrdcunquo
581 841 788 919 Pindarum
812 840 1001 917 aemulari
1033 840 1186 935 sardot,
1215 866 1281 917 rau
1333 900 1335 916 .

149 966 306 1066 sruoipit
336 963 602 1063 perindoaam.
662 961 778 1037 Tanti
810 962 965 1061 spiritus
992 962 1064 1037 ille
1089 970 1153 1037 est
1176 976 1282 1061 [mota.

151 1086 233 1187 Ego
257 1109 424 1186 cygnrun
448 1105 564 1181 supra
587 1081 709 1157 nubes
731 1081 924 1157 volantem
945 1106 1032 1156 uon
1049 1106 1212 1181 sequar,
1234 1082 1284 1157 scd

151 1207 271 1279 instar
303 1203 385 1302 apis
411 1201 511 1277 circa
535 1223 671 1275 nemus
695 1208 737 1275 et
759 1200 863 1298 ripas
888 1200 1053 1277 Tiburis
1078 1200 1285 1303 vagaborl“

151 1325 273 1418 Quam
297 1321 380 1398 veri
411 1328 473 1394 eat
504 1318 648 1413 similo,
681 1317 890 1394 antonium
913 1318 1062 1411 murm,
1098 1322 1171 1420 qui
1193 1320 1285 1396 irruit

151 1442 234 1541 ipso
266 1437 402 1513 fidiam
436 1436 544 1532 lyrae
575 1435 813 1531 Pindaricae,
847 1437 929 1515 sive
959 1434 1053 1539 joca
1085 1439 1174 1516 sive
1205 1441 1285 1516 scr'a

151 1565 329 1659 agentem
345 1556 504 1631 lloratio
531 1556 775 1655 proposuisse
797 1580 844 1631 ac
867 1557 1056 1652 aruisse,
1082 1568 1131 1633 ut
1151 1558 1284 1633 Pindari

152 1678 292 1774 scripta
306 1676 348 1750 iu
363 1698 580 1750 sennonem
596 1676 757 1749 latinum
770 1654 1019 1768 tmmfo'r'ret,
1046 1685 1088 1752 ct
1104 1679 1284 1753 Horatium

153 1795 277 1871 amico
302 1803 382 1869 tam
407 1792 558 1869 sublimi
582 1805 818 1893 venustomro
843 1794 1015 1869 cannino
1038 1796 1285 1895 respondisset

255 1911 336 1989 Sed
365 1935 451 1988 rem
485 1911 623 1987 seriam
655 1914 755 1988 serio
788 1936 945 2011 agamus
976 1920 1022 1989 et
1053 1924 1151 1991 anta
1177 1915 1286 1991 omnia

154 2055 403 2131 quaeramus,
428 2026 532 2132 cujas
555 2031 622 2107 illa
647 2030 763 2105 filarit
776 2030 963 2105 Antonius
984 2032 1139 2125 Rufina,
1166 2043 1289 2132 altura

154 2158 279 2226 notato
292 2144 461 2226 vixerit?
484 2149 654 2225 Caesaris
669 2150 825 2251 Augusti
839 2157 960 2225 aetate
974 2151 1131 2229 vixisse
1146 2155 1288 2252 Rujum

155 2271 380 2366 quondm,
404 2276 558 2367 postam
570 2269 734 2364 lyricum
748 2274 786 2343 et
801 2266 951 2343 Pindari
967 2269 1053 2347 sive
1066 2271 1288 2347 imitatorem

154 2388 236 2463 sive
251 2387 549 2481 commutor-em,
575 2387 716 2463 Ovidio
733 2388 932 2462 credamru
950 2412 1115 2464 uecemo
1130 2400 1202 2466 osa
1247 2392 1289 2464 at

155 2505 257 2580 huuc
274 2530 326 2579 cx
345 2516 456 2606 geute
470 2506 630 2580 Antonia
649 2505 783 2597 finisse,
809 2505 893 2602 quis
918 2514 974 2580 est
999 2507 1066 2604 qui
1093 2507 1176 2582 fido
1200 2510 1289 2583 bona

156 2619 342 2699 nffinnct?
368 2624 545 2698 Potuitne
566 2649 649 2698 esso
671 2624 713 2697 G.
733 2623 887 2723 Valgius
903 2626 1047 2719 Rufus,
1074 2627 1142 2700 cui
1161 2626 1291 2703 diversi

156 2743 367 2843 argumenti
385 2742 552 2817 carnriua
577 2767 600 2818 a
624 2744 818 2818 veteribus
843 2744 979 2818 tributa
1003 2744 1125 2820 fuisse
1152 2745 1292 2820 ostendi

156 2863 197 2935 iu
214 2862 467 2938 Commentat.
494 2862 541 2934 de
558 2863 598 2937 C.
620 2861 762 2956 Volgio
778 2861 892 2960 Rufo
909 2866 1028 2937 Poeta
1052 2874 1084 2953 §.
1106 2867 1146 2937 3.
1170 2891 1207 2962 p.
1223 2866 1289 2938 ‘211

157 2976 270 3079 8qu
295 2980 332 3054 A
347 2980 580 3078 Glaudorpio
605 2981 646 3053 in
673 2982 870 3054 onomast.
894 3006 935 3080 p.
964 2984 1051 3055 100.
1076 2991 1294 3057 recensetur

157 3099 358 3173 Antonius
382 3100 541 3196 Rrffua,
577 3122 694 3196 <prem
720 3099 812 3173 dicit
836 3100 995 3175 vertisse
1022 3098 1239 3175 Homerrun
1261 3109 1294 3174 ct

157 3218 372 3291 Pindarum.
433 3219 542 3310 Quod
577 3220 627 3292 ad
651 3217 860 3292 Homerum
885 3218 1039 3311 attinet,
1073 3217 1295 3318 Glnudorpii

157 3359 325 3409 errorem
351 3337 449 3411 beno
474 3332 552 3436 jam
578 3337 723 3411 notavit
748 3344 786 3411 et
809 3335 988 3413 coartavit
1012 3336 1294 3413 Wernsdorfius

158 3453 199 3524 P.
226 3452 272 3525 L.
298 3453 351 3527 M.
379 3455 492 3528 Tom.
518 3455 588 3528 Ill.
612 3481 651 3553 p.
677 3456 790 3529 XXX
815 3480 872 3553 aq.
898 3464 939 3529 et
963 3455 1075 3530 Tom.
1104 3457 1176 3532 lv.
1202 3459 1244 3532 P.
1261 3462 1296 3530 2

157 3598 195 3669 p.
214 3571 302 3646 585.
354 3574 506 3647 Pindari
524 3584 647 3648 autom
665 3575 915 3674 interpretem
937 3574 1017 3650 sive
1041 3575 1157 3650 illum
1174 3575 1294 3652 Ovidii

157 3691 346 3766 fi‹lioinem
372 3692 591 3768 Pindaricae
624 3694 753 3789 lyrae,
789 3693 936 3769 dictum
967 3717 1051 3769 esse
1075 3694 1296 3769 Antonium

157 3811 315 3905 Rufum
322 3862 335 3900 ,
362 3835 414 3885 cx
431 3812 525 3884 alius
540 3813 734 3911 scriptoris
751 3812 988 3905 testimonio,
1015 3821 1059 3885 ut
1072 3814 1128 3888 ait
1145 3815 1295 3887 l'l'rnu·

157 3926 317 4019 dorfius‚
356 3929 530 4028 cognosci
561 3956 638 4004 uon
671 3937 819 4029 potest,
855 3930 929 4003 nisi
952 3931 1061 4003 illum
1085 3940 1296 4032 togataurm

160 4055 200 4118 et
226 4054 510 4142 praetentorum
536 4050 763 4148 scriptorem
781 4049 829 4123 ab
847 4046 1065 4123 Scholiastis
1082 4050 1297 4125 Horatianis

158 4173 411 4238 rucmoratum
436 4167 511 4241 huc
526 4167 670 4242 referre
688 4167 888 4265 placuerit.
938 4166 1035 4241 Nam
1059 4170 1129 4265 qui
1148 4170 1296 4262 atluiu·

159 4281 289 4356 tiliano
315 4282 346 4356 1.
377 4281 444 4358 Or.
470 4283 577 4360 Libr.
599 4285 630 4358 1.
657 4311 691 4360 o.
717 4282 755 4358 5.
780 4288 894 4375 §.dd
920 4287 1146 4383 producitur
1170 4287 1296 4361 Auto-

157 4394 249 4471 m'uo
264 4401 427 4497 Rufus,
453 4402 687 4478 hauddubie
711 4403 783 4477 luit
799 4403 1100 4497 Grammaticus,
1127 4406 1296 4479 laudatus

159 4512 273 4587 ctiam
297 4540 319 4587 a
346 4519 453 4595 Velio
479 4518 613 4621 Longo
641 4523 689 4595 do
707 4521 886 4623 Orthogr.
912 4550 951 4622 p.
970 4523 1086 4598 2237.
1102 4523 1149 4599 Ρ.
1174 4524 1296 4597 diror-

158 4655 222 4703 sus
248 4632 360 4727 plane
386 4639 435 4709 ab
468 4640 534 4713 illo
568 4646 681 4736 pocta
713 4641 886 4732 sconico,
922 4664 1036 4738 quem
1072 4652 1116 4714 ut
1143 4641 1298 4743 Augusti

157 4754 281 4822 aetate
300 4750 444 4829 vixisse
460 4748 646 4853 putemus,
668 4760 799 4834 srradet
816 4753 1017 4859 conjuncta
1033 4759 1131 4835 delii
1148 4761 1298 4836 Lnunac
