2670 5294
152 678 205 755 ⁰2
515 695 568 751 nr
593 692 776 751 uveam
800 694 949 751 rurre-

151 886 274 966 puero
305 858 500 954 formoso,
539 882 565 935 a
594 855 820 937 Maecenate
850 859 1009 937 muneri
1042 856 1294 959 acceperitet

152 981 411 1078 Amaryllidos
452 978 612 1056 nomine
653 976 796 1080 Ecloga
835 980 1005 1057 manua
1048 979 1293 1057 celebraverit

153 1103 200 1177 ll
225 1109 357 1176 eutem
382 1098 467 1198 quin
482 1098 557 1173 cibi
571 1098 804 1196 persuadeat
818 1099 1027 1176 verisimile
1041 1092 1162 1176 etse?
1186 1100 1294 1193 Quae
1312 1084 1316 1089 ¹

153 1221 251 1297 mibi
291 1228 512 1317 temporum
544 1240 753 1315 rerumque
785 1226 981 1295 momenta
1010 1226 1192 1295 connato
1212 1243 1293 1318 pm·

152 1338 283 1414 citanti
307 1338 469 1411 anum
502 1342 562 1409 est
593 1335 780 1434 stupicio,
812 1360 891 1435 qua
923 1337 1051 1413 omnia
1093 1335 1291 1431 difficlua

154 1481 271 1557 quae,
298 1480 454 1556 quoquo
479 1464 520 1531 te
544 1462 694 1550 vertas,
720 1455 792 1530 tibi
818 1453 1021 1556 objicitur,
1047 1456 1201 1531 oblata
1216 1480 1292 1533 eva·

113 1612 119 1621 ·
151 1576 285 1653 nescit.
345 1575 440 1648 Mibi
473 1573 579 1649 enim
612 1572 767 1650 vialetm
799 1576 903 1675 apud
936 1576 1136 1651 Donatum
1166 1598 1291 1651 nomm

152 1694 321 1771 Hierico
345 1693 428 1770 eive
451 1689 642 1782 Aleriae,
671 1693 777 1791 quod
800 1693 885 1792 ipsa
908 1694 1095 1770 varietate
1110 1702 1292 1794 cormpte·
1315 1724 1322 1743 ·

153 1814 232 1889 lam
255 1813 405 1912 prodit,
449 1807 643 1913 adjectum
677 1836 763 1888 esce
796 1815 844 1887 ab
876 1814 1035 1889 bomine
1059 1813 1192 1891 nmcio
1215 1838 1291 1913 (pn,

153 1933 241 2032 qui,
285 1941 329 2008 ut
361 1932 561 2033 Virgilium
595 1930 775 2007 adulterii
816 1932 976 2009 crimine
1010 1958 1101 2009 omn
1140 1933 1323 2039 legitima·

154 2060 195 2129 et
229 2054 394 2154 ingenua
435 2049 543 2125 Varii
582 2074 710 2127 uxore
748 2051 950 2148 liberaret,
989 2052 1209 2128 inconsulto
1240 2051 1289 2126 bia
1319 2060 1323 2077 '

153 2172 329 2273 posuerit
353 2194 498 2245 nomen
521 2170 693 2268 puellae,
719 2195 836 2269 quam
858 2173 1089 2247 meminerat
1112 2170 1289 2247 Maronia

152 2289 375 2365 Maecenate
411 2289 593 2363 donatam
629 2313 727 2365 eane.
792 2288 853 2365 Ita
887 2289 1043 2384 Plotia,
1088 2292 1195 2392 quod
1224 2296 1290 2367 ert

154 2409 362 2512 genuinum
386 2409 680 2486 litteratissimae
712 2409 813 2484 illius
836 2408 1003 2486 feminae
1031 2434 1197 2504 nomen,
1233 2432 1289 2510 per
1331 2504 1333 2513 Ι

152 2530 331 2604 librarios
365 2529 514 2605 invenit
548 2524 761 2631 cognomen
783 2527 973 2619 Hierico,
1016 2531 1124 2628 (prod
1149 2530 1199 2605 ab
1223 2528 1289 2604 aliia
1331 2516 1333 2525 ¹

154 2650 403 2748 depravatum
428 2657 487 2725 est
512 2648 553 2722 in
570 2648 713 2723 Aleria
738 2656 778 2723 et
795 2646 925 2721 Leria.
975 2647 1074 2723 Num
1091 2650 1197 2748 apud
1213 2648 1290 2724 Ser·

153 2768 261 2846 vium
286 2770 334 2843 ad
360 2767 511 2870 Virgilii
535 2767 666 2870 Eelog.
690 2766 743 2843 11.
772 2767 838 2871 ¹⁵,v
865 2769 1133 2868 reponendum
1167 2790 1291 2845 eenaeo

155 2890 295 2967 servile
320 2887 486 2963 Hierico
509 2913 667 2964 nomen.

258 3071 323 3148 Ex
347 3072 420 3150 bae
447 3074 718 3173 qualicumque
745 3068 965 3177 conjectma
987 3075 1158 3150 mnam
1182 3074 1296 3151 lucra-

153 3216 255 3269 mur.
305 3190 422 3287 Nam,
456 3192 581 3269 deleto
608 3195 710 3292 apud
734 3194 929 3270 Donatum
944 3191 1113 3270 Hierc'ae
1136 3197 1296 3289 nomine,

153 3313 265 3387 nobis
292 3336 334 3387 ae
359 3310 472 3388 offert
495 3311 647 3407 Plotia,
682 3314 821 3388 mulier
843 3312 1007 3416 ingenua
1041 3320 1082 3389 et
1107 3339 1164 3390 ex
1189 3312 1299 3391 nobili

155 3432 318 3507 oriunda
343 3440 479 3535 gente,
510 3457 608 3532 quae
636 3432 801 3506 dubitari
825 3432 894 3508 vix
918 3440 1044 3532 potest
1069 3432 1167 3533 quin
1191 3432 1301 3517 luerit

154 3550 188 3625 ni
221 3576 302 3626 non
336 3575 468 3645 soror,
510 3557 614 3625 certe
652 3558 808 3653 cognata
840 3550 944 3626 illius
977 3549 1102 3627 Plotii
1138 3554 1300 3643 Τιιωαι,

155 3694 274 3770 quem
298 3670 473 3746 novimus
493 3694 581 3743 cum
599 3668 780 3772 Virgilio,
806 3670 966 3747 Horatio
990 3679 1031 3748 et
1048 3668 1170 3747 Vario
1190 3669 1301 3747 tinae

155 3785 574 3891 conjunctissimum⁷⁴).
616 3790 724 3864 llanc
747 3790 904 3889 quidem
921 3788 1301 3888 ampicionemnemo

154 3932 234 3983 non
259 3907 366 3983 videt
390 3906 550 3983 mirifice
573 3910 831 3983 commendari
856 3933 987 3984 renum
1013 3906 1301 4011 temporumque

153 4026 382 4102 rationibus.
441 4024 549 4101 Sient
582 4027 686 4101 enim
711 4026 853 4102 Plotius
879 4029 1009 4105 Tucca
1032 4027 1094 4106 vit
1118 4028 1194 4107 fuit
1218 4054 1301 4129 per·

154 4146 267 4244 politi
291 4144 455 4248 ingenii,
491 4145 754 4246 elegantiaque
780 4145 974 4221 doctrinae
999 4147 1217 4243 excellens,
1250 4148 1302 4222 ita

155 4287 329 4339 sororem
354 4263 437 4366 ejus
463 4272 708 4367 cognatemve
733 4266 932 4364 probabile
962 4274 1022 4341 est
1047 4264 1170 4343 fimsc
1194 4266 1303 4366 puel·

154 4380 232 4454 lam
264 4382 594 4461 litteratissimam.
661 4382 792 4482 Neque
825 4384 1073 4480 mirabimur,
1091 4409 1197 4483 ‘eam
1232 4384 1304 4463 ribi

154 4498 398 4577 matrimonio
425 4499 604 4605 junxisse
635 4500 683 4581 L.
703 4499 865 4582 Varium
896 4502 1070 4581 Poetam.
1129 4504 1306 4583 Fuerunt

243 4803 302 4884 74)
323 4800 371 4867 lla
390 4802 491 4869 Plotia
512 4808 617 4875 Tucca
636 4812 697 4876 vil.
718 4832 807 4893 repra
827 4813 905 4892 §.tt
926 4818 1054 4879 notae.
