2670 5294
165 688 217 764 44
524 709 575 761 oa
602 710 638 760 ι.
663 706 790 761 vauro
817 707 962 761 roera.

166 882 363 967 cenatem,
388 871 480 949 huic
504 873 606 948 male
630 871 809 947 sentienti
834 873 883 947 de
898 869 1046 948 Horatii
1071 870 1204 948 animo
1226 896 1304 973 per·

167 1001 388 1086 strascrrmt,
420 1000 465 1064 ut
488 993 657 1091 priunum
681 992 720 1067 ci
745 991 892 1067 aditum
917 991 1216 1090 concederet³⁶).

270 1112 331 1186 Ex
363 1112 436 1185 hac
468 1111 593 1210 prima
628 1111 913 1213 congressione,
956 1135 1075 1210 quam
1109 1120 1192 1185 tam
1214 1110 1305 1189 veris

167 1232 417 1333 pulchrisque
442 1230 713 1328 increpatam
738 1230 898 1330 legimus
924 1230 1139 1324 coloribus,
1165 1231 1305 1305 umetei

170 1352 349 1427 Horatius
376 1348 515 1423 abiisse
540 1349 692 1423 videtur
706 1347 884 1450 majoris,
911 1374 1027 1448 quam
1044 1374 1126 1447 quo
1144 1358 1305 1443 venum

169 1471 287 1543 studii
312 1470 354 1542 in
378 1467 640 1542 Maecenatem
664 1469 823 1566 plenus,
848 1469 1071 1577 neutitpram
1096 1474 1229 1544 tamen
1245 1468 1306 1544 de·

168 1588 250 1681 siit,
285 1612 529 1686 quocumque
554 1594 707 1686 poterat
731 1588 817 1662 loco
843 1612 887 1662 ac
910 1595 1107 1688 tempore,
1143 1588 1305 1664 vellicare

169 1706 414 1780 Caesarianos
456 1730 501 1780 ac
533 1730 826 1804 nonnumquam
865 1706 1100 1805 petulantius
1143 1706 1305 1783 illudere·

166 1825 250 1919 Illi,
286 1851 384 1924 quos
410 1825 537 1900 Satira
562 1825 728 1900 sectmda
751 1826 1047 1925 perstrmxerat,
1074 1827 1306 1903 Venusinam

167 1943 307 2020 Lucilii
352 1945 628 2021 aemulatorem
677 1946 887 2046 aegerrime
933 1944 1110 2021 ferebant
1158 1942 1305 2049 ejusque

166 2065 269 2139 laudi
294 2065 465 2163 poeticae
490 2063 544 2135 ita
572 2063 855 2157 obtrectabant,
881 2071 925 2139 ut
947 2065 1058 2139 illum
1077 2064 1303 2141 Suessanum

166 2184 461 2277 Arnmrcanum,
503 2183 571 2280 qui
605 2183 751 2280 primus
785 2185 1006 2259 condiderat
1041 2186 1135 2282 stydi
1166 2208 1301 2277 naam,

167 2304 360 2402 potiorem
386 2303 555 2376 dicerent
581 2325 624 2375 ac
649 2302 762 2402 longe
785 2302 1034 2402 praeferrent.
1084 2304 1148 2379 De
1171 2305 1232 2379 his
1251 2305 1301 2378 in-
1334 2402 1335 2406 Ἰ

166 2422 280 2495 sulsis
313 2421 455 2520 pariter
476 2429 605 2523 atquc
631 2417 779 2521 injustis
804 2421 1019 2524 indigmatus
1044 2418 1197 2523 judiciis
1221 2422 1299 2499 scri·
1334 2410 1335 2417 ἵ

164 2541 240 2640 psit
273 2541 450 2616 Horatius
483 2563 556 2640 per
590 2546 774 2614 aestatem
805 2564 839 2614 a.
866 2542 911 2617 U.
937 2541 980 2616 G.
1005 2539 1096 2616 715.
1131 2555 1298 2644 pennata

166 2658 354 2753 Satiram,
398 2660 440 2732 in
473 2683 550 2756 qua
584 2661 632 2732 de
666 2658 876 2733 cannimmr
909 2686 1067 2736 sucmm
1099 2663 1297 2737 rationeet
1333 2635 1335 2714 t

164 2780 324 2855 consilio
350 2779 551 2877 exposuit,
593 2780 687 2853 istos
712 2776 851 2852 Lucilii
876 2781 1094 2877 laudatores
1120 2779 1297 2882 redarguit
1333 2755 1335 2828 l

162 2905 200 2972 et
235 2899 344 2974 velut
379 2899 482 2972 aliud
517 2922 631 2998 agens
666 2897 927 2993 Caesarianos,
970 2900 1012 2972 in
1036 2899 1096 2974 his
1121 2900 1297 2975 Petillium

165 3015 442 3114 Capitolinum,
469 3012 667 3091 Octaviani
685 3017 803 3118 gratia
819 3025 1038 3116 potentem,
1064 3019 1209 3093 salibus
1223 3042 1296 3118 par·

161 3132 303 3207 fricuit.
370 3131 476 3205 Hanc
513 3132 678 3207 Satiram
711 3137 890 3233 proxime
923 3145 1050 3212 secuta
1084 3146 1147 3212 est
1178 3136 1295 3229 tertis,

162 3273 233 3350 per
257 3252 424 3327 hiemem
450 3253 540 3324 amri
557 3253 601 3326 U.
623 3252 663 3326 G.
681 3257 761 3336 ili.
790 3257 1010 3356 composita.
1060 3254 1126 3330 Ex
1144 3264 1295 3355 utroqtn

165 3371 346 3464 carmine,
372 3373 563 3470 perpolito
590 3380 629 3446 ct
654 3383 827 3449 accurate
848 3376 1000 3475 scripto,
1026 3400 1148 3473 ‹prtrm
1164 3377 1295 3450 Maece·

128 3525 133 3534 ·
163 3514 234 3563 nes
261 3490 440 3585 vidisset,
474 3491 671 3577 Horatitnn
695 3495 736 3567 in
763 3495 963 3569 scribendo
988 3495 1199 3594 plunimum
1223 3493 1295 3593 qui

163 3609 253 3683 dam
279 3617 319 3683 et
344 3611 432 3683 salis
457 3612 599 3685 nubere
625 3620 665 3685 et
689 3611 810 3708 follis,
836 3636 910 3688 nac
935 3613 1061 3689 minus
1075 3621 1208 3689 tamen
1223 3636 1296 3688 cau·

164 3728 286 3821 doris,
332 3752 423 3803 etun
456 3754 559 3804 nono
594 3739 680 3827 post
708 3733 877 3832 primum
903 3757 1149 3834 congressum
1176 3752 1295 3807 menae

162 3847 362 3924 revocavit
398 3856 459 3943 et,
497 3850 668 3946 deposita
694 3851 906 3946 simtdtate,
932 3854 975 3926 in
1000 3852 1213 3925 amicos-ima
1233 3874 1297 3924 nu-

160 3992 269 4044 mero
296 3991 380 4041 esse
405 3963 525 4066 jussit.
584 3967 667 4042 Hoc
693 3968 842 4070 Virgilii
867 3981 906 4046 et
930 3968 1035 4045 Varii
1066 3969 1297 4067 potissimam

162 4112 279 4184 opera
305 4094 345 4161 et
370 4087 495 4160 studio
521 4085 664 4162 factum
689 4111 793 4181 csse,
821 4089 984 4163 dubitari
1008 4089 1157 4186 nequit.
1209 4089 1298 4163 Coc·

160 4205 222 4299 pit'
240 4214 368 4280 autem
393 4206 573 4281 Horatius
599 4232 682 4281 esse
706 4207 935 4283 Maecenatis
961 4209 1161 4285 convictor
1185 4216 1227 4282 et
1247 4205 1319 4281 fe·-

159 4394 255 4406 ——n—
264 4400 367 4409 .-·--..,

249 4513 303 4579 36)
324 4505 442 4570 Mecum
472 4516 632 4574 consentire
660 4535 696 4575 ea
724 4517 753 4575 in
778 4536 810 4576 re
838 4516 922 4578 video
944 4512 1225 4591 castanasium,
1255 4515 1302 4592 qai

160 4590 192 4649 in
227 4591 290 4652 Vc.
316 4593 427 4653 Horat.
457 4618 488 4672 p.
510 4597 670 4659 XXXIX.
694 4622 757 4677 sqq.
789 4601 825 4661 de
859 4615 957 4663 mantua
988 4602 1218 4677 necessitudine,
1249 4621 1303 4678 qu

161 4671 251 4736 Poeta
278 4675 447 4754 Venusinus
479 4701 544 4742 cum
572 4682 701 4764 Virgilio
730 4697 760 4748 et
782 4685 877 4749 Vario
898 4692 1065 4766 conjunctus
1085 4689 1213 4769 vixerit,
1240 4686 1305 4767 μί·

164 4760 304 4825 cherrima
324 4764 448 4841 scripsit.

181 4968 298 4987 ⁴*
