2670 5294
10 845 26 871 ΙΙΙ

14 872 24 889 ιΙ

499 283 700 339 excussus
727 284 767 335 v.
1129 266 1204 341 357

60 448 208 550 legibus
224 443 474 549 jubebantur,
499 454 596 541 teste
614 448 737 526 Dione
756 450 859 527 Cass.
876 450 982 525 bibr.
1000 450 1065 527 Ll.
1085 480 1116 527 e.
1141 456 1200 529 15.

58 566 155 665 ibiq.
171 593 210 642 v.
229 565 424 642 Fabricius
438 564 485 641 N.
503 565 806 669 91101111».
827 570 887 647 15.
906 570 1008 645 Stra.
1043 568 1201 649 Octavia

57 684 152 759 huic
186 685 381 786 privigno,
416 708 553 783 quem,
590 694 635 759 ut
667 683 745 787 jam
777 713 891 787 supra
924 690 1022 781 dixi,
1058 691 1201 766 Romae

56 804 236 899 retinent,
268 811 373 879 tanto
397 799 583 902 majorem
607 830 738 879 curam
762 808 1026 905 impendebat,
1061 818 1201 907 (planto

53 922 316 1025 negligentior
339 923 381 997 in
401 922 534 997 liberis
550 923 757 999 educandis
774 934 858 1002 erat
879 935 1004 1025 pater,
1031 927 1097 1025 qui
1122 954 1201 1003 non

52 1041 178 1118 modo
205 1065 361 1141 comus,
395 1040 463 1117 sed
495 1040 666 1117 animum
696 1068 852 1143 qumpre
875 1069 984 1120 mero
1009 1055 1048 1120 et
1072 1054 1201 1144 stupro

22 1156 40 1273 ’-
53 1158 313 1237 Alexandriae
328 1161 591 1259 mancipasset.
625 1159 854 1237 Liberaliter
870 1164 1061 1239 hrstitutus
1077 1165 1200 1241 ermris

51 1278 245 1379 politioris
269 1277 516 1353 humanitatis
541 1302 698 1379 compos
721 1278 843 1355 laetus
867 1291 924 1357 est
950 1282 1200 1359 1010011010-

51 1398 169 1489 nius,
203 1421 321 1497 quem
344 1397 445 1473 inter
477 1398 571 1473 alies
599 1398 741 1474 multos
773 1422 819 1475 ac
849 1400 995 1475 nobiles
1029 1402 1200 1476 docuisse

52 1518 224 1593 traditru
247 1516 294 1591 L.
320 1514 539 1610 Crassitius,
563 1540 705 1618 genere
723 1517 972 1612 Tarentinus,
998 1520 1199 1593 Gramma·

53 1635 156 1713 rien
180 1634 284 1709 haud
307 1635 494 1737 ignobilis
544 1636 669 1734 Atque
686 1635 838 1713 videtur
854 1637 917 1713 ille
942 1632 1021 1737 jam
1045 1662 1068 1712 a
1093 1645 1199 1711 tene·

54 1754 113 1831 ris
130 1755 257 1848 annis,
282 1755 416 1855 procul
435 1754 552 1829 dubio
566 1754 709 1855 ingenii
728 1756 920 1855 animique
938 1755 1048 1830 bonis
1066 1755 1198 1832 aliisve

55 1873 281 1966 ursatium,
309 1895 352 1949 se
377 1874 417 1946 in
432 1873 592 1975 gratiam
609 1874 778 1949 Caesaris
794 1875 954 1977 Augusti
973 1875 1197 1970 insinuasse,

55 1992 169 2089 ulqrri
193 2014 282 2067 cum
307 2015 508 2093 progressu
536 1992 721 2090 temporis
745 1994 794 2068 ad
824 2017 994 2068 smnmos
1017 1993 1196 2070 evelleret

10 2172 23 2211 ἵ
56 2108 225 2187 honores
249 2110 422 2208 adeoque
446 2110 488 2185 in
512 2110 739 2186 artissimam
763 2108 983 2186 affinitatem
1000 2112 1197 2211 reciperet.

57 2228 225 2304 Auctore
248 2229 352 2305 enim
376 2229 579 2305 Plutarcho
606 2254 640 2305 0.
666 2230 732 2304 88.
765 2235 846 2304 tam
879 2230 1066 2330 gratiosus
1096 2232 1198 2329 apud

10 2344 332 2455 FImperatorem
364 2347 474 2423 illum
505 2355 605 2442 erat,
644 2356 706 2441 ut,
750 2372 839 2423 cum
869 2348 1036 2447 primum
1070 2348 1197 2421 locum

10 2528 22 2573 μ
53 2464 241 2567 Agrippa,
263 2465 398 2543 Liviae
412 2464 482 2540 lilii
499 2468 708 2541 secumdum
723 2473 918 2560 tenerent,
941 2467 1077 2540 tertiae
1101 2476 1197 2539 esset

10 2646 18 2687 ,
48 2608 101 2661 ac
126 2592 392 2661 numeraretur
414 2582 523 2661 tuus
548 2584 743 2660 Antonius.
792 2582 844 2658 Et
859 2579 1029 2685 Velleius
1050 2584 1195 2656 Patere.

10 4432 30 4505 P

46 2700 242 2778 Lihr011.
268 2726 303 2779 0.
331 2705 418 2780 100.
441 2713 474 2795 §-
500 2703 539 2779 4.
571 2712 721 2798 narrat,
747 2727 837 2780 eum
863 2725 886 2776 a
910 2701 1026 2802 patris
1051 2701 1196 2778 victore

45 2822 287 2897 honoratum
309 2846 394 2898 esse
428 2824 461 2896 1.
485 2820 731 2914 Sacerdotie,
757 2824 806 2897 de
832 2847 911 2919 quo
937 2822 1078 2896 caeteri
1103 2821 1196 2896 scni-

46 2948 189 3041 pteres
203 2948 347 3031 taeent3
374 2943 412 3015 2.
429 2944 642 3031 Praetura,
669 2965 744 3039 qua
760 2964 794 3016 a.
814 2939 859 3015 U.
878 2940 919 3015 C.
939 2941 1026 3015 741.
1044 2939 1195 3014 lauretus

47 3060 164 3135 diem
186 3060 352 3135 natalem
366 3058 524 3161 Augusti
547 3060 648 3137 ludis
665 3059 905 3135 Circensibus
930 3069 970 3133 et
994 3062 1195 3138 venatione

48 3178 265 3256 celebravit
294 3184 411 3277 etque
435 3180 593 3277 epulum
616 3180 789 3279 Autgursto
814 3185 853 3254 et
878 3176 1124 3253 senatoribus
1154 3178 1195 3249 in

50 3294 242 3395 capitolio
267 3297 392 3392 dedit,
416 3302 512 3372 teste
535 3297 659 3371 Dione
685 3294 788 3371 Cass.
802 3295 912 3371 Libr.
928 3294 1030 3367 LIV.
1057 3317 1091 3368 0.
1111 3296 1194 3381 26.;

51 3414 99 3489 3.
126 3415 359 3510 Geumlotu,
393 3439 532 3515 quem,
564 3422 607 3488 ut
640 3410 718 3515 jam
750 3438 865 3511 supra
889 3413 1072 3505 vidimus,
1106 3436 1194 3486 eum

51 3532 105 3627 Q.
137 3532 258 3609 Fabia
291 3533 463 3609 Maximo
499 3532 681 3608 Africano
713 3533 826 3634 gessit
859 3556 895 3607 a.
927 3530 974 3607 [Ι.
1008 3532 1051 3605 C.
1086 3530 1193 3619 744.;

52 3652 97 3725 4.
115 3650 359 3744 memte,
384 3652 433 3727 de
457 3651 597 3751 quibus
620 3650 716 3726 item
739 3652 893 3727 aliunde
916 3650 1011 3725 nihil
1035 3654 1193 3723 constat.

51 3770 143 3845 fluo
164 3778 295 3845 temen
317 3769 476 3845 fortasse
500 3775 645 3869 spectat
669 3765 754 3868 ejus
769 3768 1006 3845 Proconsulis
1031 3768 1197 3842 edictum

51 3888 98 3963 in
121 3889 283 3989 gratiam
299 3886 533 3965 ludaeorum
546 3887 675 3963 Asiam
692 3886 965 3980 habitantium,
992 3888 1097 3985 quod
1122 3908 1194 3959 ex·

51 4014 128 4085 sot
165 4030 229 4107 ap.
268 4005 425 4106 loseph.
466 4006 593 4106 antiq.
628 4005 735 4080 Libr.
766 4005 872 4081 XVI.
915 4030 949 4081 c.
982 4006 1022 4081 θ.
1069 4014 1100 4095 t.
1134 4008 1192 4093 7.;

54 4124 94 4203 5.
118 4124 375 4203 Matremne
395 4125 597 4203 Marcellae
622 4121 796 4225 majoris,
828 4148 942 4225 apuam
969 4122 1124 4201 Octavia
1150 4122 1192 4195 0.

55 4244 257 4341 Marcelle,
281 4243 403 4346 priori
425 4244 585 4338 marite,
609 4250 802 4347 genuerat.
852 4242 1071 4321 Marcellam
1091 4244 1193 4319 enim

56 4363 245 4445 minorem
268 4364 310 4441 in
334 4364 573 4442 matrimonio
598 4364 762 4442 habehat
777 4362 961 4469 Agrippa,
986 4374 1028 4441 ut
1054 4367 1194 4441 testen-
