<?xml version="1.0" encoding="UTF-8"?>
<!DOCTYPE html PUBLIC "-//W3C//DTD XHTML 1.0 Transitional//EN"
    "http://www.w3.org/TR/xhtml1/DTD/xhtml1-transitional.dtd">
<html xmlns="http://www.w3.org/1999/xhtml" xml:lang="en" lang="en">
 <head>
  <title>
</title>
<meta http-equiv="Content-Type" content="text/html;charset=utf-8" />
  <meta name='ocr-system' content='tesseract 3.04.00' />
  <meta name='ocr-capabilities' content='ocr_page ocr_carea ocr_par ocr_line ocrx_word'/>
</head>
<body>
  <div class='ocr_page' id='page_1' title='image "./deluciivariietc00weicgoog_0264.png"; bbox 0 0 2670 5294; ppageno 0'>
   <div class='ocr_carea' id='block_1_1' title="bbox 149 664 962 740">
    <p class='ocr_par' dir='ltr' id='par_1_1' title="bbox 149 664 962 740">
     <span class='ocr_line' id='line_1_1' title="bbox 149 664 962 740; baseline -0.001 -1"><span class='ocrx_word' id='word_1_1' title='bbox 149 664 227 740; x_wconf 81' lang='lat'>242</span> <span class='ocrx_word' id='word_1_2' title='bbox 498 688 549 738; x_wconf 78' lang='lat' dir='ltr'>nr</span> <span class='ocrx_word' id='word_1_3' title='bbox 575 684 713 738; x_wconf 78' lang='lat' dir='ltr'>cassio</span> <span class='ocrx_word' id='word_1_4' title='bbox 739 685 962 738; x_wconf 77' lang='lat' dir='ltr'>ranurusr.</span> 
     </span>
    </p>
   </div>
   <div class='ocr_carea' id='block_1_2' title="bbox 151 847 1291 3317">
    <p class='ocr_par' dir='ltr' id='par_1_2' title="bbox 151 847 1287 1187">
     <span class='ocr_line' id='line_1_2' title="bbox 151 847 1287 952; baseline 0.002 -29"><span class='ocrx_word' id='word_1_5' title='bbox 151 849 292 952; x_wconf 66' lang='lat' dir='ltr'>mribus</span> <span class='ocrx_word' id='word_1_6' title='bbox 324 872 415 923; x_wconf 75' lang='lat' dir='ltr'>erim</span> <span class='ocrx_word' id='word_1_7' title='bbox 456 850 549 924; x_wconf 88' lang='lat' dir='ltr'>dieit</span> <span class='ocrx_word' id='word_1_8' title='bbox 582 849 632 922; x_wconf 88' lang='lat' dir='ltr'>ad</span> <span class='ocrx_word' id='word_1_9' title='bbox 672 848 792 923; x_wconf 79' lang='lat' dir='ltr'>Cassii</span> <span class='ocrx_word' id='word_1_10' title='bbox 823 847 1041 923; x_wconf 79' lang='lat' dir='ltr'>Parmensis</span> <span class='ocrx_word' id='word_1_11' title='bbox 1076 850 1287 925; x_wconf 81' lang='lat' dir='ltr'>laudemet</span> 
     </span>
     <span class='ocr_line' id='line_1_3' title="bbox 152 968 1287 1069; baseline 0.001 -26"><span class='ocrx_word' id='word_1_12' title='bbox 152 968 419 1069; x_wconf 80' lang='lat' dir='ltr'>praestantiam</span> <span class='ocrx_word' id='word_1_13' title='bbox 450 969 663 1067; x_wconf 87' lang='lat' dir='ltr'>adspirare,</span> <span class='ocrx_word' id='word_1_14' title='bbox 708 969 1013 1042; x_wconf 83' lang='lat' dir='ltr'>commemoratis</span> <span class='ocrx_word' id='word_1_15' title='bbox 1048 970 1183 1044; x_wconf 87' lang='lat' dir='ltr'>statim</span> <span class='ocrx_word' id='word_1_16' title='bbox 1213 971 1287 1044; x_wconf 82' lang='lat' dir='ltr'>sub</span> 
     </span>
     <span class='ocr_line' id='line_1_4' title="bbox 152 1086 371 1187; baseline -0.005 -26"><span class='ocrx_word' id='word_1_17' title='bbox 152 1086 236 1187; x_wconf 84' lang='lat' dir='ltr'>jieit</span> <span class='ocrx_word' id='word_1_18' title='bbox 258 1113 297 1163; x_wconf 81' lang='lat' dir='ltr'>r.</span> <span class='ocrx_word' id='word_1_19' title='bbox 313 1088 371 1161; x_wconf 80' lang='lat'>4.=</span> 
     </span>
    </p>

    <p class='ocr_par' dir='ltr' id='par_1_3' title="bbox 205 1202 1148 1303">
     <span class='ocr_line' id='line_1_5' title="bbox 205 1202 1148 1303; baseline -0.002 -23"><span class='ocrx_word' id='word_1_20' title='bbox 205 1205 278 1281; x_wconf 82' lang='lat' dir='ltr'>An</span> <span class='ocrx_word' id='word_1_21' title='bbox 302 1204 466 1278; x_wconf 81' lang='lat' dir='ltr'>tacitum</span> <span class='ocrx_word' id='word_1_22' title='bbox 490 1202 613 1277; x_wconf 80' lang='lat' dir='ltr'>siluas</span> <span class='ocrx_word' id='word_1_23' title='bbox 638 1202 743 1277; x_wconf 80' lang='lat' dir='ltr'>inter</span> <span class='ocrx_word' id='word_1_24' title='bbox 766 1216 925 1303; x_wconf 71' lang='lat' dir='ltr'>rqnture</span> <span class='ocrx_word' id='word_1_25' title='bbox 948 1206 1148 1296; x_wconf 76' lang='lat' dir='ltr'>salrrbres,</span> 
     </span>
    </p>

    <p class='ocr_par' dir='ltr' id='par_1_4' title="bbox 210 1322 1284 1425">
     <span class='ocr_line' id='line_1_6' title="bbox 210 1322 1284 1425; baseline -0.002 -26"><span class='ocrx_word' id='word_1_26' title='bbox 210 1327 423 1400; x_wconf 69' lang='lat' dir='ltr'>curantem</span> <span class='ocrx_word' id='word_1_27' title='bbox 466 1323 657 1423; x_wconf 76' lang='lat' dir='ltr'>quidquid</span> <span class='ocrx_word' id='word_1_28' title='bbox 700 1322 865 1418; x_wconf 76' lang='lat' dir='ltr'>diguatus</span> <span class='ocrx_word' id='word_1_29' title='bbox 907 1322 1090 1423; x_wconf 77' lang='lat' dir='ltr'>aripiente</span> <span class='ocrx_word' id='word_1_30' title='bbox 1134 1324 1284 1425; x_wconf 80' lang='lat' dir='ltr'>benopet</span> 
     </span>
    </p>

    <p class='ocr_par' dir='ltr' id='par_1_5' title="bbox 753 1435 890 1535">
     <span class='ocr_line' id='line_1_7' title="bbox 753 1435 890 1535; baseline 0.007 -23"><span class='ocrx_word' id='word_1_31' title='bbox 753 1435 890 1535; x_wconf 59' lang='lat' dir='ltr'>esrtt’)</span> 
     </span>
    </p>

    <p class='ocr_par' dir='ltr' id='par_1_6' title="bbox 154 1559 1291 3317">
     <span class='ocr_line' id='line_1_8' title="bbox 154 1559 1281 1657; baseline -0.003 -22"><span class='ocrx_word' id='word_1_32' title='bbox 154 1561 253 1635; x_wconf 86' lang='lat' dir='ltr'>Num</span> <span class='ocrx_word' id='word_1_33' title='bbox 287 1559 372 1657; x_wconf 91' lang='lat' dir='ltr'>quis</span> <span class='ocrx_word' id='word_1_34' title='bbox 407 1560 529 1652; x_wconf 67' lang='lat' dir='ltr'>(lieet,</span> <span class='ocrx_word' id='word_1_35' title='bbox 563 1561 623 1633; x_wconf 86' lang='lat' dir='ltr'>bis</span> <span class='ocrx_word' id='word_1_36' title='bbox 650 1583 803 1657; x_wconf 80' lang='lat' dir='ltr'>quoque</span> <span class='ocrx_word' id='word_1_37' title='bbox 829 1559 955 1632; x_wconf 80' lang='lat' dir='ltr'>verbis</span> <span class='ocrx_word' id='word_1_38' title='bbox 980 1559 1191 1635; x_wconf 85' lang='lat' dir='ltr'>Horatium</span> <span class='ocrx_word' id='word_1_39' title='bbox 1213 1584 1281 1635; x_wconf 89' lang='lat' dir='ltr'>eun</span> 
     </span>
     <span class='ocr_line' id='line_1_9' title="bbox 156 1674 1282 1776; baseline 0 -23"><span class='ocrx_word' id='word_1_40' title='bbox 156 1680 312 1754; x_wconf 84' lang='lat' dir='ltr'>Tibullo</span> <span class='ocrx_word' id='word_1_41' title='bbox 345 1679 559 1752; x_wconf 73' lang='lat' dir='ltr'>cavillatrun</span> <span class='ocrx_word' id='word_1_42' title='bbox 599 1674 712 1752; x_wconf 80' lang='lat' dir='ltr'>esse?</span> <span class='ocrx_word' id='word_1_43' title='bbox 761 1678 895 1752; x_wconf 90' lang='lat' dir='ltr'>Nonne</span> <span class='ocrx_word' id='word_1_44' title='bbox 932 1679 1060 1776; x_wconf 88' lang='lat' dir='ltr'>potius</span> <span class='ocrx_word' id='word_1_45' title='bbox 1108 1680 1282 1753; x_wconf 86' lang='lat' dir='ltr'>fatendum</span> 
     </span>
     <span class='ocr_line' id='line_1_10' title="bbox 156 1794 1282 1895; baseline -0.002 -22"><span class='ocrx_word' id='word_1_46' title='bbox 156 1809 236 1891; x_wconf 89' lang='lat' dir='ltr'>est,</span> <span class='ocrx_word' id='word_1_47' title='bbox 268 1798 370 1870; x_wconf 85' lang='lat' dir='ltr'>illius</span> <span class='ocrx_word' id='word_1_48' title='bbox 395 1797 701 1895; x_wconf 74' lang='lat' dir='ltr'><strong>reprehensionis</strong></span> <span class='ocrx_word' id='word_1_49' title='bbox 725 1802 763 1870; x_wconf 88' lang='lat' dir='ltr'>et</span> <span class='ocrx_word' id='word_1_50' title='bbox 788 1794 1036 1871; x_wconf 79' lang='lat' dir='ltr'>cavillationis</span> <span class='ocrx_word' id='word_1_51' title='bbox 1059 1797 1105 1871; x_wconf 89' lang='lat' dir='ltr'>iu</span> <span class='ocrx_word' id='word_1_52' title='bbox 1130 1806 1208 1872; x_wconf 87' lang='lat' dir='ltr'>tota</span> <span class='ocrx_word' id='word_1_53' title='bbox 1228 1799 1282 1871; x_wconf 84' lang='lat' dir='ltr'>bae</span> 
     </span>
     <span class='ocr_line' id='line_1_11' title="bbox 157 1912 1280 2016; baseline -0.002 -25"><span class='ocrx_word' id='word_1_54' title='bbox 157 1916 324 2016; x_wconf 72' lang='lat' dir='ltr'>Epistola</span> <span class='ocrx_word' id='word_1_55' title='bbox 348 1940 421 1990; x_wconf 88' lang='lat' dir='ltr'>uec</span> <span class='ocrx_word' id='word_1_56' title='bbox 447 1915 574 1989; x_wconf 86' lang='lat' dir='ltr'>volam</span> <span class='ocrx_word' id='word_1_57' title='bbox 599 1940 672 1989; x_wconf 89' lang='lat' dir='ltr'>ueo</span> <span class='ocrx_word' id='word_1_58' title='bbox 696 1915 899 2013; x_wconf 76' lang='lat' dir='ltr'>vestigirma</span> <span class='ocrx_word' id='word_1_59' title='bbox 923 1912 1142 2013; x_wconf 83' lang='lat' dir='ltr'>apparere?</span> <span class='ocrx_word' id='word_1_60' title='bbox 1179 1918 1280 2005; x_wconf 82' lang='lat' dir='ltr'><strong>Adde,</strong></span> 
     </span>
     <span class='ocr_line' id='line_1_12' title="bbox 156 2029 1281 2134; baseline -0.002 -26"><span class='ocrx_word' id='word_1_61' title='bbox 156 2036 259 2134; x_wconf 81' lang='lat' dir='ltr'>quod</span> <span class='ocrx_word' id='word_1_62' title='bbox 286 2034 485 2126; x_wconf 85' lang='lat' dir='ltr'>Tibullus,</span> <span class='ocrx_word' id='word_1_63' title='bbox 518 2058 607 2109; x_wconf 80' lang='lat' dir='ltr'>etim</span> <span class='ocrx_word' id='word_1_64' title='bbox 634 2058 712 2108; x_wconf 90' lang='lat' dir='ltr'>nou</span> <span class='ocrx_word' id='word_1_65' title='bbox 738 2032 811 2105; x_wconf 91' lang='lat' dir='ltr'>nisi</span> <span class='ocrx_word' id='word_1_66' title='bbox 836 2029 974 2132; x_wconf 86' lang='lat' dir='ltr'>Elegiis</span> <span class='ocrx_word' id='word_1_67' title='bbox 999 2034 1079 2108; x_wconf 90' lang='lat' dir='ltr'>suis</span> <span class='ocrx_word' id='word_1_68' title='bbox 1105 2043 1281 2134; x_wconf 84' lang='lat' dir='ltr'>praestans</span> 
     </span>
     <span class='ocr_line' id='line_1_13' title="bbox 158 2150 1280 2252; baseline -0.003 -24"><span class='ocrx_word' id='word_1_69' title='bbox 158 2161 196 2228; x_wconf 89' lang='lat' dir='ltr'>et</span> <span class='ocrx_word' id='word_1_70' title='bbox 221 2153 344 2228; x_wconf 88' lang='lat' dir='ltr'>elarus</span> <span class='ocrx_word' id='word_1_71' title='bbox 370 2159 493 2242; x_wconf 87' lang='lat' dir='ltr'>esset,</span> <span class='ocrx_word' id='word_1_72' title='bbox 535 2153 807 2250; x_wconf 85' lang='lat' dir='ltr'>percommode</span> <span class='ocrx_word' id='word_1_73' title='bbox 840 2150 956 2224; x_wconf 86' lang='lat' dir='ltr'>etiarn</span> <span class='ocrx_word' id='word_1_74' title='bbox 997 2154 1179 2250; x_wconf 85' lang='lat' dir='ltr'>componi</span> <span class='ocrx_word' id='word_1_75' title='bbox 1210 2160 1280 2252; x_wconf 91' lang='lat' dir='ltr'>pot·</span> 
     </span>
     <span class='ocr_line' id='line_1_14' title="bbox 159 2267 1283 2361; baseline -0.003 -15"><span class='ocrx_word' id='word_1_76' title='bbox 159 2277 242 2346; x_wconf 88' lang='lat' dir='ltr'>erat</span> <span class='ocrx_word' id='word_1_77' title='bbox 266 2293 354 2343; x_wconf 76' lang='lat' dir='ltr'>eimr</span> <span class='ocrx_word' id='word_1_78' title='bbox 373 2267 503 2344; x_wconf 86' lang='lat' dir='ltr'>Cassio</span> <span class='ocrx_word' id='word_1_79' title='bbox 527 2270 736 2344; x_wconf 85' lang='lat' dir='ltr'>Parmensi.</span> <span class='ocrx_word' id='word_1_80' title='bbox 788 2267 826 2342; x_wconf 90' lang='lat' dir='ltr'>Is</span> <span class='ocrx_word' id='word_1_81' title='bbox 851 2270 974 2361; x_wconf 88' lang='lat' dir='ltr'>enim,</span> <span class='ocrx_word' id='word_1_82' title='bbox 1000 2278 1045 2343; x_wconf 90' lang='lat' dir='ltr'>ut</span> <span class='ocrx_word' id='word_1_83' title='bbox 1071 2269 1283 2347; x_wconf 85' lang='lat' dir='ltr'>Solroliastaa</span> 
     </span>
     <span class='ocr_line' id='line_1_15' title="bbox 158 2388 1283 2489; baseline -0.001 -27"><span class='ocrx_word' id='word_1_84' title='bbox 158 2396 364 2481; x_wconf 83' lang='lat' dir='ltr'>testantur,</span> <span class='ocrx_word' id='word_1_85' title='bbox 406 2388 494 2462; x_wconf 88' lang='lat' dir='ltr'>lieet</span> <span class='ocrx_word' id='word_1_86' title='bbox 517 2389 558 2461; x_wconf 94' lang='lat' dir='ltr'>in</span> <span class='ocrx_word' id='word_1_87' title='bbox 584 2390 729 2487; x_wconf 87' lang='lat' dir='ltr'>aliquot</span> <span class='ocrx_word' id='word_1_88' title='bbox 754 2388 966 2461; x_wconf 85' lang='lat' dir='ltr'>carminum</span> <span class='ocrx_word' id='word_1_89' title='bbox 991 2392 1196 2489; x_wconf 85' lang='lat' dir='ltr'>generibus</span> <span class='ocrx_word' id='word_1_90' title='bbox 1219 2398 1283 2483; x_wconf 77' lang='lat' dir='ltr'>sty-</span> 
     </span>
     <span class='ocr_line' id='line_1_16' title="bbox 156 2506 1285 2607; baseline -0.001 -25"><span class='ocrx_word' id='word_1_91' title='bbox 156 2508 239 2582; x_wconf 92' lang='lat' dir='ltr'>lum</span> <span class='ocrx_word' id='word_1_92' title='bbox 264 2513 483 2599; x_wconf 80' lang='lat' dir='ltr'>exeroeret,</span> <span class='ocrx_word' id='word_1_93' title='bbox 518 2514 646 2580; x_wconf 89' lang='lat' dir='ltr'>tamen</span> <span class='ocrx_word' id='word_1_94' title='bbox 671 2506 711 2579; x_wconf 93' lang='lat' dir='ltr'>in</span> <span class='ocrx_word' id='word_1_95' title='bbox 737 2506 869 2606; x_wconf 88' lang='lat' dir='ltr'>primis</span> <span class='ocrx_word' id='word_1_96' title='bbox 895 2514 1053 2605; x_wconf 89' lang='lat' dir='ltr'>propter</span> <span class='ocrx_word' id='word_1_97' title='bbox 1077 2532 1197 2607; x_wconf 89' lang='lat' dir='ltr'>opera</span> <span class='ocrx_word' id='word_1_98' title='bbox 1221 2508 1285 2583; x_wconf 86' lang='lat' dir='ltr'>ele·</span> 
     </span>
     <span class='ocr_line' id='line_1_17' title="bbox 158 2624 1286 2728; baseline -0.004 -27"><span class='ocrx_word' id='word_1_99' title='bbox 158 2628 264 2728; x_wconf 56' lang='lat' dir='ltr'>paea</span> <span class='ocrx_word' id='word_1_100' title='bbox 296 2625 535 2700; x_wconf 80' lang='lat' dir='ltr'>laudabatur.</span> <span class='ocrx_word' id='word_1_101' title='bbox 605 2624 728 2722; x_wconf 82' lang='lat' dir='ltr'>Atque</span> <span class='ocrx_word' id='word_1_102' title='bbox 761 2625 829 2698; x_wconf 88' lang='lat' dir='ltr'>bas</span> <span class='ocrx_word' id='word_1_103' title='bbox 861 2628 961 2721; x_wconf 88' lang='lat' dir='ltr'>ipsas</span> <span class='ocrx_word' id='word_1_104' title='bbox 996 2625 1150 2727; x_wconf 86' lang='lat' dir='ltr'>Elegias</span> <span class='ocrx_word' id='word_1_105' title='bbox 1176 2636 1215 2700; x_wconf 93' lang='lat' dir='ltr'>ut</span> <span class='ocrx_word' id='word_1_106' title='bbox 1237 2627 1286 2699; x_wconf 87' lang='lat' dir='ltr'>bic</span> 
     </span>
     <span class='ocr_line' id='line_1_18' title="bbox 158 2744 1286 2840; baseline -0.001 -23"><span class='ocrx_word' id='word_1_107' title='bbox 158 2744 357 2820; x_wconf 86' lang='lat' dir='ltr'>lloratium</span> <span class='ocrx_word' id='word_1_108' title='bbox 391 2752 519 2818; x_wconf 87' lang='lat' dir='ltr'>mente</span> <span class='ocrx_word' id='word_1_109' title='bbox 560 2744 735 2817; x_wconf 87' lang='lat' dir='ltr'>babuisse</span> <span class='ocrx_word' id='word_1_110' title='bbox 768 2751 807 2816; x_wconf 88' lang='lat' dir='ltr'>et</span> <span class='ocrx_word' id='word_1_111' title='bbox 840 2745 1115 2840; x_wconf 82' lang='lat' dir='ltr'>opusculorum</span> <span class='ocrx_word' id='word_1_112' title='bbox 1149 2746 1286 2819; x_wconf 78' lang='lat' dir='ltr'>nombre</span> 
     </span>
     <span class='ocr_line' id='line_1_19' title="bbox 158 2861 1288 2963; baseline -0.002 -26"><span class='ocrx_word' id='word_1_113' title='bbox 158 2861 387 2963; x_wconf 78' lang='lat' dir='ltr'>significasse</span> <span class='ocrx_word' id='word_1_114' title='bbox 421 2872 620 2960; x_wconf 88' lang='lat' dir='ltr'>putemus,</span> <span class='ocrx_word' id='word_1_115' title='bbox 655 2863 787 2935; x_wconf 85' lang='lat' dir='ltr'>suadet</span> <span class='ocrx_word' id='word_1_116' title='bbox 817 2864 1090 2936; x_wconf 85' lang='lat' dir='ltr'>sententiarum</span> <span class='ocrx_word' id='word_1_117' title='bbox 1117 2866 1231 2939; x_wconf 89' lang='lat' dir='ltr'>series</span> <span class='ocrx_word' id='word_1_118' title='bbox 1253 2886 1288 2935; x_wconf 89' lang='lat' dir='ltr'>ac</span> 
     </span>
     <span class='ocr_line' id='line_1_20' title="bbox 158 2980 1289 3078; baseline -0.001 -25"><span class='ocrx_word' id='word_1_119' title='bbox 158 2988 280 3054; x_wconf 88' lang='lat' dir='ltr'>tenor.</span> <span class='ocrx_word' id='word_1_120' title='bbox 340 2980 418 3051; x_wconf 89' lang='lat' dir='ltr'>Neo</span> <span class='ocrx_word' id='word_1_121' title='bbox 443 2981 601 3052; x_wconf 83' lang='lat' dir='ltr'>‹lubium</span> <span class='ocrx_word' id='word_1_122' title='bbox 632 2981 726 3053; x_wconf 90' lang='lat' dir='ltr'>mibi</span> <span class='ocrx_word' id='word_1_123' title='bbox 752 2987 810 3053; x_wconf 87' lang='lat' dir='ltr'>est</span> <span class='ocrx_word' id='word_1_124' title='bbox 834 2981 928 3078; x_wconf 88' lang='lat' dir='ltr'>quin</span> <span class='ocrx_word' id='word_1_125' title='bbox 952 2982 1236 3058; x_wconf 83' lang='lat' dir='ltr'>Wernsdorlius</span> <span class='ocrx_word' id='word_1_126' title='bbox 1257 2982 1289 3053; x_wconf 92' lang='lat' dir='ltr'>in</span> 
     </span>
     <span class='ocr_line' id='line_1_21' title="bbox 158 3090 1291 3197; baseline 0.004 -29"><span class='ocrx_word' id='word_1_127' title='bbox 158 3097 201 3170; x_wconf 90' lang='lat' dir='ltr'>P.</span> <span class='ocrx_word' id='word_1_128' title='bbox 227 3096 275 3169; x_wconf 88' lang='lat' dir='ltr'>L.</span> <span class='ocrx_word' id='word_1_129' title='bbox 300 3095 353 3168; x_wconf 89' lang='grc' dir='ltr'>Μ.</span> <span class='ocrx_word' id='word_1_130' title='bbox 380 3098 493 3169; x_wconf 78' lang='lat' dir='ltr'>Toni.</span> <span class='ocrx_word' id='word_1_131' title='bbox 513 3098 564 3170; x_wconf 91' lang='lat' dir='ltr'>ll.</span> <span class='ocrx_word' id='word_1_132' title='bbox 599 3126 638 3196; x_wconf 90' lang='lat' dir='ltr'>p.</span> <span class='ocrx_word' id='word_1_133' title='bbox 664 3090 771 3192; x_wconf 68' lang='lat'>261„</span> <span class='ocrx_word' id='word_1_134' title='bbox 811 3124 931 3196; x_wconf 68' lang='lat' dir='ltr'>(perun</span> <span class='ocrx_word' id='word_1_135' title='bbox 966 3102 1070 3197; x_wconf 87' lang='lat' dir='ltr'>apud</span> <span class='ocrx_word' id='word_1_136' title='bbox 1103 3102 1291 3176; x_wconf 82' lang='lat' dir='ltr'>lloratirun</span> 
     </span>
     <span class='ocr_line' id='line_1_22' title="bbox 158 3215 1291 3317; baseline 0.004 -31"><span class='ocrx_word' id='word_1_137' title='bbox 158 3216 347 3312; x_wconf 81' lang='lat' dir='ltr'>opuactrlu</span> <span class='ocrx_word' id='word_1_138' title='bbox 372 3215 491 3288; x_wconf 84' lang='lat' dir='ltr'>Cassii</span> <span class='ocrx_word' id='word_1_139' title='bbox 518 3218 565 3291; x_wconf 86' lang='lat' dir='ltr'>de</span> <span class='ocrx_word' id='word_1_140' title='bbox 592 3218 820 3291; x_wconf 80' lang='lat' dir='ltr'>carminibus</span> <span class='ocrx_word' id='word_1_141' title='bbox 845 3218 1024 3292; x_wconf 86' lang='lat' dir='ltr'>bueolieis</span> <span class='ocrx_word' id='word_1_142' title='bbox 1046 3222 1200 3317; x_wconf 87' lang='lat' dir='ltr'>aeeipit,</span> <span class='ocrx_word' id='word_1_143' title='bbox 1226 3244 1291 3292; x_wconf 90' lang='lat' dir='ltr'>nou</span> 
     </span>
    </p>
   </div>
   <div class='ocr_carea' id='block_1_3' title="bbox 158 3332 1291 3553">
    <p class='ocr_par' dir='ltr' id='par_1_7' title="bbox 158 3332 1291 3553">
     <span class='ocr_line' id='line_1_23' title="bbox 158 3332 1291 3437; baseline 0.003 -32"><span class='ocrx_word' id='word_1_144' title='bbox 158 3332 284 3405; x_wconf 78' lang='lat' dir='ltr'>mimis</span> <span class='ocrx_word' id='word_1_145' title='bbox 309 3333 349 3404; x_wconf 92' lang='lat' dir='ltr'>in</span> <span class='ocrx_word' id='word_1_146' title='bbox 374 3357 503 3407; x_wconf 87' lang='lat' dir='ltr'>errore</span> <span class='ocrx_word' id='word_1_147' title='bbox 528 3343 699 3409; x_wconf 77' lang='lat' dir='ltr'>versetur·</span> <span class='ocrx_word' id='word_1_148' title='bbox 725 3361 840 3433; x_wconf 90' lang='lat' dir='ltr'>quam</span> <span class='ocrx_word' id='word_1_149' title='bbox 859 3336 1101 3437; x_wconf 84' lang='lat' dir='ltr'>Spaldingius</span> <span class='ocrx_word' id='word_1_150' title='bbox 1120 3342 1169 3411; x_wconf 89' lang='lat' dir='ltr'>ad</span> <span class='ocrx_word' id='word_1_151' title='bbox 1185 3338 1291 3431; x_wconf 75' lang='lat' dir='ltr'>Qrdrr·</span> 
     </span>
     <span class='ocr_line' id='line_1_24' title="bbox 159 3448 1290 3553; baseline 0.002 -31"><span class='ocrx_word' id='word_1_152' title='bbox 159 3448 279 3523; x_wconf 86' lang='lat' dir='ltr'>tiliaui</span> <span class='ocrx_word' id='word_1_153' title='bbox 314 3450 405 3523; x_wconf 89' lang='lat' dir='ltr'>lust.</span> <span class='ocrx_word' id='word_1_154' title='bbox 451 3452 518 3526; x_wconf 86' lang='lat' dir='ltr'>Or.</span> <span class='ocrx_word' id='word_1_155' title='bbox 553 3452 661 3526; x_wconf 86' lang='lat' dir='ltr'>Libr.</span> <span class='ocrx_word' id='word_1_156' title='bbox 685 3452 732 3527; x_wconf 67' lang='lat' dir='ltr'>l&#39;.</span> <span class='ocrx_word' id='word_1_157' title='bbox 769 3479 802 3528; x_wconf 87' lang='lat' dir='ltr'>c.</span> <span class='ocrx_word' id='word_1_158' title='bbox 822 3457 880 3528; x_wconf 96' lang='lat' dir='ltr'>ll.</span> <span class='ocrx_word' id='word_1_159' title='bbox 907 3465 938 3544; x_wconf 88' lang='lat'>§.</span> <span class='ocrx_word' id='word_1_160' title='bbox 955 3456 1041 3548; x_wconf 65' lang='lat'>24„</span> <span class='ocrx_word' id='word_1_161' title='bbox 1087 3456 1158 3553; x_wconf 90' lang='lat' dir='ltr'>qui</span> <span class='ocrx_word' id='word_1_162' title='bbox 1186 3454 1290 3529; x_wconf 86' lang='lat' dir='ltr'>Cassii</span> 
     </span>
    </p>
   </div>
   <div class='ocr_carea' id='block_1_4' title="bbox 155 3651 1302 4508">
    <p class='ocr_par' dir='ltr' id='par_1_8' title="bbox 155 3651 1302 4508">
     <span class='ocr_line' id='line_1_25' title="bbox 245 3651 1291 3734; baseline 0.001 -19"><span class='ocrx_word' id='word_1_163' title='bbox 245 3660 299 3727; x_wconf 87' lang='grc'>30)</span> <span class='ocrx_word' id='word_1_164' title='bbox 330 3651 509 3716; x_wconf 86' lang='lat' dir='ltr'>Seboliastae</span> <span class='ocrx_word' id='word_1_165' title='bbox 538 3659 693 3733; x_wconf 88' lang='lat' dir='ltr'>improprie</span> <span class='ocrx_word' id='word_1_166' title='bbox 715 3660 854 3734; x_wconf 84' lang='lat' dir='ltr'>accipiunt</span> <span class='ocrx_word' id='word_1_167' title='bbox 875 3681 903 3718; x_wconf 82' lang='lat' dir='ltr'>v.</span> <span class='ocrx_word' id='word_1_168' title='bbox 926 3660 1037 3720; x_wconf 61' lang='lat' dir='ltr'>ulans:</span> <span class='ocrx_word' id='word_1_169' title='bbox 1067 3657 1169 3720; x_wconf 75' lang='lat' dir='ltr'>Aaron</span> <span class='ocrx_word' id='word_1_170' title='bbox 1189 3656 1291 3734; x_wconf 76' lang='lat' dir='ltr'>„lidius</span> 
     </span>
     <span class='ocr_line' id='line_1_26' title="bbox 155 3736 1293 3825; baseline 0.001 -26"><span class='ocrx_word' id='word_1_171' title='bbox 155 3736 396 3817; x_wconf 70' lang='lat' dir='ltr'>pbilosophorum</span> <span class='ocrx_word' id='word_1_172' title='bbox 424 3743 597 3819; x_wconf 63' lang='lat' dir='ltr'>appretiat‘,</span> <span class='ocrx_word' id='word_1_173' title='bbox 630 3755 658 3801; x_wconf 88' lang='lat' dir='ltr'>et</span> <span class='ocrx_word' id='word_1_174' title='bbox 681 3740 862 3822; x_wconf 78' lang='lat' dir='ltr'>Porphyrion</span> <span class='ocrx_word' id='word_1_175' title='bbox 884 3744 997 3817; x_wconf 80' lang='lat' dir='ltr'>„libras</span> <span class='ocrx_word' id='word_1_176' title='bbox 1019 3742 1293 3825; x_wconf 71' lang='lat' dir='ltr'>prionoqorpu&#39;rorc</span> 
     </span>
     <span class='ocr_line' id='line_1_27' title="bbox 159 3826 1291 3905; baseline -0.001 -19"><span class='ocrx_word' id='word_1_177' title='bbox 159 3828 348 3904; x_wconf 81' lang='lat' dir='ltr'>siguificat.·‘</span> <span class='ocrx_word' id='word_1_178' title='bbox 398 3826 450 3886; x_wconf 86' lang='lat' dir='ltr'>Sic</span> <span class='ocrx_word' id='word_1_179' title='bbox 479 3831 555 3887; x_wconf 89' lang='lat' dir='ltr'>enim</span> <span class='ocrx_word' id='word_1_180' title='bbox 588 3826 794 3905; x_wconf 83' lang='lat' dir='ltr'>Porphyrionis</span> <span class='ocrx_word' id='word_1_181' title='bbox 822 3832 908 3889; x_wconf 82' lang='lat' dir='ltr'>rerba</span> <span class='ocrx_word' id='word_1_182' title='bbox 938 3842 1061 3889; x_wconf 82' lang='lat' dir='ltr'>correcta</span> <span class='ocrx_word' id='word_1_183' title='bbox 1084 3830 1165 3890; x_wconf 83' lang='lat' dir='ltr'>dedit</span> <span class='ocrx_word' id='word_1_184' title='bbox 1187 3836 1240 3899; x_wconf 83' lang='lat' dir='ltr'>ianr</span> <span class='ocrx_word' id='word_1_185' title='bbox 1258 3828 1291 3889; x_wconf 83' lang='lat' dir='ltr'>G.</span> 
     </span>
     <span class='ocr_line' id='line_1_28' title="bbox 160 3911 1292 3989; baseline -0.003 -17"><span class='ocrx_word' id='word_1_186' title='bbox 160 3911 310 3972; x_wconf 78' lang='lat' dir='ltr'>Fabricius</span> <span class='ocrx_word' id='word_1_187' title='bbox 338 3914 368 3969; x_wconf 90' lang='lat' dir='ltr'>iu</span> <span class='ocrx_word' id='word_1_188' title='bbox 391 3911 493 3971; x_wconf 88' lang='lat' dir='ltr'>llorat.</span> <span class='ocrx_word' id='word_1_189' title='bbox 517 3911 594 3971; x_wconf 84' lang='lat' dir='ltr'>Edit.</span> <span class='ocrx_word' id='word_1_190' title='bbox 618 3912 711 3972; x_wconf 86' lang='lat' dir='ltr'>Basil.</span> <span class='ocrx_word' id='word_1_191' title='bbox 733 3919 847 3989; x_wconf 62' lang='lat'>1555„</span> <span class='ocrx_word' id='word_1_192' title='bbox 885 3916 961 3989; x_wconf 86' lang='lat' dir='ltr'>quod</span> <span class='ocrx_word' id='word_1_193' title='bbox 984 3917 1103 3975; x_wconf 87' lang='lat' dir='ltr'>latuisse</span> <span class='ocrx_word' id='word_1_194' title='bbox 1126 3917 1237 3976; x_wconf 84' lang='lat' dir='ltr'>videtur</span> <span class='ocrx_word' id='word_1_195' title='bbox 1255 3912 1292 3971; x_wconf 78' lang='lat' dir='ltr'>A.</span> 
     </span>
     <span class='ocr_line' id='line_1_29' title="bbox 160 3992 1292 4076; baseline 0 -21"><span class='ocrx_word' id='word_1_196' title='bbox 160 3992 273 4073; x_wconf 78' lang='lat' dir='ltr'>Maium</span> <span class='ocrx_word' id='word_1_197' title='bbox 296 3997 332 4056; x_wconf 80' lang='lat' dir='ltr'>ad</span> <span class='ocrx_word' id='word_1_198' title='bbox 360 3995 483 4071; x_wconf 84' lang='lat' dir='ltr'>Apuleji</span> <span class='ocrx_word' id='word_1_199' title='bbox 505 3996 621 4073; x_wconf 74' lang='lat' dir='ltr'>Fragm.</span> <span class='ocrx_word' id='word_1_200' title='bbox 645 3999 681 4057; x_wconf 88' lang='lat' dir='ltr'>de</span> <span class='ocrx_word' id='word_1_201' title='bbox 704 3997 843 4076; x_wconf 83' lang='lat' dir='ltr'>Ortbogr.</span> <span class='ocrx_word' id='word_1_202' title='bbox 867 4003 895 4073; x_wconf 83' lang='lat'>§.</span> <span class='ocrx_word' id='word_1_203' title='bbox 915 4008 965 4060; x_wconf 77' lang='grc'>28.</span> <span class='ocrx_word' id='word_1_204' title='bbox 988 3997 1017 4075; x_wconf 88' lang='lat' dir='ltr'>p.</span> <span class='ocrx_word' id='word_1_205' title='bbox 1041 4008 1093 4061; x_wconf 75' lang='lat' dir='ltr'>bt.</span> <span class='ocrx_word' id='word_1_206' title='bbox 1118 4002 1167 4062; x_wconf 91' lang='lat' dir='ltr'>ed.</span> <span class='ocrx_word' id='word_1_207' title='bbox 1191 4000 1292 4060; x_wconf 87' lang='lat' dir='ltr'>Osann.</span> 
     </span>
     <span class='ocr_line' id='line_1_30' title="bbox 162 4078 1296 4160; baseline -0.002 -19"><span class='ocrx_word' id='word_1_208' title='bbox 162 4080 223 4141; x_wconf 88' lang='lat' dir='ltr'>Sed</span> <span class='ocrx_word' id='word_1_209' title='bbox 243 4078 274 4145; x_wconf 88' lang='lat' dir='ltr'>b.</span> <span class='ocrx_word' id='word_1_210' title='bbox 293 4082 316 4140; x_wconf 93' lang='lat' dir='ltr'>l.</span> <span class='ocrx_word' id='word_1_211' title='bbox 338 4082 430 4141; x_wconf 75' lang='lat' dir='ltr'>silone</span> <span class='ocrx_word' id='word_1_212' title='bbox 461 4086 575 4158; x_wconf 87' lang='lat' dir='ltr'>proprie</span> <span class='ocrx_word' id='word_1_213' title='bbox 603 4096 669 4142; x_wconf 80' lang='lat' dir='ltr'>sum</span> <span class='ocrx_word' id='word_1_214' title='bbox 700 4086 903 4160; x_wconf 78' lang='lat' dir='ltr'>intelligendae</span> <span class='ocrx_word' id='word_1_215' title='bbox 925 4086 961 4144; x_wconf 90' lang='lat' dir='ltr'>de</span> <span class='ocrx_word' id='word_1_216' title='bbox 983 4089 1046 4157; x_wconf 81' lang='lat' dir='ltr'>eis,</span> <span class='ocrx_word' id='word_1_217' title='bbox 1078 4107 1155 4159; x_wconf 72' lang='lat' dir='ltr'>(pirae</span> <span class='ocrx_word' id='word_1_218' title='bbox 1176 4098 1252 4146; x_wconf 87' lang='lat' dir='ltr'>eraut</span> <span class='ocrx_word' id='word_1_219' title='bbox 1269 4087 1296 4140; x_wconf 88' lang='lat' dir='ltr'>in</span> 
     </span>
     <span class='ocr_line' id='line_1_31' title="bbox 160 4167 1296 4245; baseline 0.004 -18"><span class='ocrx_word' id='word_1_220' title='bbox 160 4168 263 4227; x_wconf 82' lang='lat' dir='ltr'>ricinia</span> <span class='ocrx_word' id='word_1_221' title='bbox 283 4168 372 4227; x_wconf 81' lang='lat' dir='ltr'>villae</span> <span class='ocrx_word' id='word_1_222' title='bbox 394 4168 534 4229; x_wconf 82' lang='lat' dir='ltr'>l‘edaune.</span> <span class='ocrx_word' id='word_1_223' title='bbox 576 4167 655 4228; x_wconf 88' lang='lat' dir='ltr'>luter</span> <span class='ocrx_word' id='word_1_224' title='bbox 676 4189 725 4228; x_wconf 86' lang='lat' dir='ltr'>eas</span> <span class='ocrx_word' id='word_1_225' title='bbox 746 4168 880 4229; x_wconf 83' lang='lat' dir='ltr'>Tibullus</span> <span class='ocrx_word' id='word_1_226' title='bbox 901 4172 1049 4245; x_wconf 83' lang='lat' dir='ltr'>reptabat,</span> <span class='ocrx_word' id='word_1_227' title='bbox 1080 4170 1112 4229; x_wconf 88' lang='lat' dir='ltr'>b.</span> <span class='ocrx_word' id='word_1_228' title='bbox 1128 4192 1157 4232; x_wconf 91' lang='lat' dir='ltr'>e.</span> <span class='ocrx_word' id='word_1_229' title='bbox 1179 4182 1296 4231; x_wconf 68' lang='lat' dir='ltr'>manu!</span> 
     </span>
     <span class='ocr_line' id='line_1_32' title="bbox 161 4252 1298 4330; baseline 0.002 -19"><span class='ocrx_word' id='word_1_230' title='bbox 161 4262 192 4311; x_wconf 82' lang='lat' dir='ltr'>et</span> <span class='ocrx_word' id='word_1_231' title='bbox 217 4263 353 4329; x_wconf 73' lang='lat' dir='ltr'>aegrotus</span> <span class='ocrx_word' id='word_1_232' title='bbox 381 4253 538 4313; x_wconf 82' lang='lat' dir='ltr'>incedebat.</span> <span class='ocrx_word' id='word_1_233' title='bbox 592 4252 712 4328; x_wconf 84' lang='lat' dir='ltr'>Propter</span> <span class='ocrx_word' id='word_1_234' title='bbox 741 4258 814 4314; x_wconf 86' lang='lat' dir='ltr'>situs</span> <span class='ocrx_word' id='word_1_235' title='bbox 836 4259 1033 4315; x_wconf 79' lang='lat' dir='ltr'>arrroeuitatem</span> <span class='ocrx_word' id='word_1_236' title='bbox 1053 4258 1238 4330; x_wconf 86' lang='lat' dir='ltr'>appellantur</span> <span class='ocrx_word' id='word_1_237' title='bbox 1255 4276 1298 4313; x_wconf 79' lang='lat' dir='ltr'>se·</span> 
     </span>
     <span class='ocr_line' id='line_1_33' title="bbox 160 4332 1300 4414; baseline -0.001 -17"><span class='ocrx_word' id='word_1_238' title='bbox 160 4332 276 4411; x_wconf 67' lang='lat' dir='ltr'>dudm,</span> <span class='ocrx_word' id='word_1_239' title='bbox 316 4338 337 4397; x_wconf 86' lang='lat' dir='ltr'>i.</span> <span class='ocrx_word' id='word_1_240' title='bbox 363 4358 390 4397; x_wconf 88' lang='lat' dir='ltr'>e.</span> <span class='ocrx_word' id='word_1_241' title='bbox 422 4340 512 4397; x_wconf 87' lang='lat' dir='ltr'>bonae</span> <span class='ocrx_word' id='word_1_242' title='bbox 531 4339 686 4398; x_wconf 77' lang='lat' dir='ltr'>valetudini</span> <span class='ocrx_word' id='word_1_243' title='bbox 710 4339 917 4403; x_wconf 78' lang='lat' dir='ltr'>coirdueeutes:</span> <span class='ocrx_word' id='word_1_244' title='bbox 947 4344 988 4399; x_wconf 82' lang='lat' dir='ltr'>sic</span> <span class='ocrx_word' id='word_1_245' title='bbox 1010 4361 1056 4414; x_wconf 89' lang='lat' dir='ltr'>ap.</span> <span class='ocrx_word' id='word_1_246' title='bbox 1078 4339 1248 4401; x_wconf 79' lang='lat' dir='ltr'>Ciceronem</span> <span class='ocrx_word' id='word_1_247' title='bbox 1268 4336 1300 4398; x_wconf 89' lang='lat' dir='ltr'>ad</span> 
     </span>
     <span class='ocr_line' id='line_1_34' title="bbox 160 4416 1302 4508; baseline 0.004 -29"><span class='ocrx_word' id='word_1_248' title='bbox 160 4416 278 4483; x_wconf 70' lang='lat' dir='ltr'>niven.</span> <span class='ocrx_word' id='word_1_249' title='bbox 300 4418 384 4481; x_wconf 80' lang='lat' dir='ltr'>Libr.</span> <span class='ocrx_word' id='word_1_250' title='bbox 398 4420 424 4482; x_wconf 88' lang='lat' dir='ltr'>l.</span> <span class='ocrx_word' id='word_1_251' title='bbox 448 4422 543 4498; x_wconf 81' lang='lat' dir='ltr'>Epist.</span> <span class='ocrx_word' id='word_1_252' title='bbox 563 4430 632 4485; x_wconf 81' lang='lat'><strong>57.=</strong></span> <span class='ocrx_word' id='word_1_253' title='bbox 662 4424 852 4498; x_wconf 76' lang='lat' dir='ltr'>,‚saiubrisne</span> <span class='ocrx_word' id='word_1_254' title='bbox 878 4446 919 4484; x_wconf 75' lang='lat' dir='ltr'>em</span> <span class='ocrx_word' id='word_1_255' title='bbox 942 4424 1082 4501; x_wconf 81' lang='lat' dir='ltr'>pestilens</span> <span class='ocrx_word' id='word_1_256' title='bbox 1100 4448 1201 4487; x_wconf 74' lang='lat' dir='ltr'>annus</span> <span class='ocrx_word' id='word_1_257' title='bbox 1212 4427 1302 4508; x_wconf 77' lang='lat' dir='ltr'>futu·</span> 
     </span>
    </p>
   </div>
   <div class='ocr_carea' id='block_1_5' title="bbox 43 4504 1302 4587">
    <p class='ocr_par' dir='ltr' id='par_1_9' title="bbox 43 4504 1302 4587">
     <span class='ocr_line' id='line_1_35' title="bbox 43 4504 1302 4587; baseline 0.004 -24"><span class='ocrx_word' id='word_1_258' title='bbox 43 4556 53 4563; x_wconf 94' lang='lat'>.</span> <span class='ocrx_word' id='word_1_259' title='bbox 159 4524 215 4565; x_wconf 77' lang='lat' dir='ltr'>m</span> <span class='ocrx_word' id='word_1_260' title='bbox 232 4506 307 4565; x_wconf 80' lang='lat' dir='ltr'>rit.“</span> <span class='ocrx_word' id='word_1_261' title='bbox 348 4504 487 4569; x_wconf 73' lang='lat' dir='ltr'>Horatius</span> <span class='ocrx_word' id='word_1_262' title='bbox 503 4510 586 4568; x_wconf 86' lang='lat' dir='ltr'>amici</span> <span class='ocrx_word' id='word_1_263' title='bbox 600 4511 807 4587; x_wconf 84' lang='lat' dir='ltr'>aegritudinem</span> <span class='ocrx_word' id='word_1_264' title='bbox 829 4514 950 4586; x_wconf 83' lang='lat' dir='ltr'>ejusque</span> <span class='ocrx_word' id='word_1_265' title='bbox 971 4530 1105 4584; x_wconf 79' lang='lat' dir='ltr'>caussas,</span> <span class='ocrx_word' id='word_1_266' title='bbox 1130 4514 1236 4587; x_wconf 80' lang='lat' dir='ltr'>quibus</span> <span class='ocrx_word' id='word_1_267' title='bbox 1255 4509 1302 4570; x_wconf 77' lang='lat' dir='ltr'>ad·</span> 
     </span>
    </p>
   </div>
   <div class='ocr_carea' id='block_1_6' title="bbox 93 4588 1305 4843">
    <p class='ocr_par' dir='ltr' id='par_1_10' title="bbox 93 4588 1305 4843">
     <span class='ocr_line' id='line_1_36' title="bbox 160 4588 1304 4672; baseline 0.003 -21"><span class='ocrx_word' id='word_1_268' title='bbox 160 4588 266 4651; x_wconf 66' lang='lat' dir='ltr'>dnm</span> <span class='ocrx_word' id='word_1_269' title='bbox 290 4590 429 4651; x_wconf 74' lang='lat' dir='ltr'>rilrrrum</span> <span class='ocrx_word' id='word_1_270' title='bbox 457 4594 641 4655; x_wconf 80' lang='lat' dir='ltr'>solitudinem</span> <span class='ocrx_word' id='word_1_271' title='bbox 670 4607 836 4672; x_wconf 87' lang='lat' dir='ltr'>quaereret,</span> <span class='ocrx_word' id='word_1_272' title='bbox 874 4596 1030 4670; x_wconf 87' lang='lat' dir='ltr'>prudenter</span> <span class='ocrx_word' id='word_1_273' title='bbox 1057 4601 1238 4672; x_wconf 82' lang='lat' dir='ltr'>praeteriens</span> <span class='ocrx_word' id='word_1_274' title='bbox 1258 4617 1304 4656; x_wconf 80' lang='lat' dir='ltr'>ru·</span> 
     </span>
     <span class='ocr_line' id='line_1_37' title="bbox 93 4674 1305 4758; baseline 0.004 -22"><span class='ocrx_word' id='word_1_275' title='bbox 93 4708 97 4717; x_wconf 81' lang='lat'><em>,</em></span> <span class='ocrx_word' id='word_1_276' title='bbox 160 4674 303 4753; x_wconf 52' lang='lat' dir='ltr'>ulatur,</span> <span class='ocrx_word' id='word_1_277' title='bbox 336 4692 403 4734; x_wconf 78' lang='lat' dir='ltr'>eum</span> <span class='ocrx_word' id='word_1_278' title='bbox 424 4698 477 4753; x_wconf 85' lang='lat' dir='ltr'>per</span> <span class='ocrx_word' id='word_1_279' title='bbox 504 4679 594 4740; x_wconf 79' lang='lat' dir='ltr'>silvas</span> <span class='ocrx_word' id='word_1_280' title='bbox 622 4680 807 4741; x_wconf 85' lang='lat' dir='ltr'>obambulare</span> <span class='ocrx_word' id='word_1_281' title='bbox 829 4678 1049 4758; x_wconf 84' lang='lat' dir='ltr'>philosophandi</span> <span class='ocrx_word' id='word_1_282' title='bbox 1071 4702 1178 4744; x_wconf 67' lang='lat' dir='ltr'>cauma</span> <span class='ocrx_word' id='word_1_283' title='bbox 1198 4694 1229 4744; x_wconf 83' lang='lat' dir='ltr'>at</span> <span class='ocrx_word' id='word_1_284' title='bbox 1248 4702 1305 4743; x_wconf 80' lang='lat' dir='ltr'>ure·</span> 
     </span>
     <span class='ocr_line' id='line_1_38' title="bbox 158 4756 1013 4843; baseline 0.009 -23"><span class='ocrx_word' id='word_1_285' title='bbox 158 4758 272 4829; x_wconf 70' lang='lat' dir='ltr'>tte-dt</span> <span class='ocrx_word' id='word_1_286' title='bbox 289 4756 329 4821; x_wconf 83' lang='lat' dir='ltr'>de</span> <span class='ocrx_word' id='word_1_287' title='bbox 348 4758 411 4841; x_wconf 76' lang='lat' dir='ltr'>ur,</span> <span class='ocrx_word' id='word_1_288' title='bbox 440 4782 516 4839; x_wconf 76' lang='lat' dir='ltr'>quaa</span> <span class='ocrx_word' id='word_1_289' title='bbox 535 4762 622 4843; x_wconf 76' lang='lat' dir='ltr'>digua</span> <span class='ocrx_word' id='word_1_290' title='bbox 643 4768 700 4826; x_wconf 87' lang='lat' dir='ltr'>sint</span> <span class='ocrx_word' id='word_1_291' title='bbox 721 4768 851 4842; x_wconf 78' lang='lat' dir='ltr'>rapiente</span> <span class='ocrx_word' id='word_1_292' title='bbox 872 4767 1013 4843; x_wconf 84' lang='lat' dir='ltr'>bonoque.</span> 
     </span>
    </p>
   </div>
   <div class='ocr_carea' id='block_1_7' title="bbox 0 0 1357 5294">
    <p class='ocr_par' dir='ltr' id='par_1_11' title="bbox 0 0 1357 5294">
     <span class='ocr_line' id='line_1_39' title="bbox 0 0 1357 5294; baseline 0 0"><span class='ocrx_word' id='word_1_293' title='bbox 0 0 1357 5294; x_wconf 95' lang='lat' dir='ltr'> </span> 
     </span>
    </p>
   </div>
  </div>
 </body>
</html>
