2670 5294
423 266 473 315 DE
500 266 636 317 CASSIO
665 267 886 316 PARMENSI·

116 427 243 503 salute
267 427 476 503 litterarum
501 428 634 503 studiis
658 452 815 505 vacasse
837 429 879 501 in
903 430 1020 503 tantis
1041 432 1265 529 praesertim

119 572 255 621 rerum
279 547 423 641 tnrhis,
458 572 552 645 qsras
576 549 736 623 Athenis
763 571 919 646 (proque
943 558 1025 621 tum
1050 549 1165 625 fuisse
1189 559 1266 627 sta-

119 672 273 741 tuamus
296 688 453 741 necesse
478 660 567 742 est?
701 746 704 751 ,

225 785 330 877 Quae
356 809 445 859 cum
469 785 522 860 ita
547 785 643 879 sint,
669 785 790 859 multo
810 792 868 859 cst
884 786 1146 881 verisimilius,
1174 788 1265 862 Cas-

116 902 220 977 sium
245 904 366 978 serius
390 904 567 996 deinum,
595 903 814 1000 compositis
826 899 908 1002 iarn
925 929 996 1002 per
1016 906 1264 979 Octavianum

115 1021 161 1095 in
187 1022 346 1099 Graecia
370 1024 506 1116 relnrs,
539 1046 593 1097 cx
615 1022 706 1121 fuga
730 1021 896 1096 Athenas
922 1046 964 1097 sa
989 1025 1194 1121 recepisse,
1221 1033 1264 1098 ut

116 1140 175 1215 ihi
215 1142 258 1215 in
297 1166 448 1217 secessu
488 1142 626 1215 lateret
673 1165 718 1214 ac
757 1141 890 1215 litteris
933 1142 1095 1217 viveret.
1164 1144 1263 1219 lluic

115 1261 327 1359 suspicioni
373 1262 532 1335 minime
577 1262 799 1335 adversatur
839 1259 1014 1335 Valerius
1058 1260 1272 1356 Maximus,

115 1380 307 1473 scribens,
349 1378 521 1454 Cassium
545 1378 675 1453 fractis
709 1378 761 1451 Μ.
789 1378 942 1453 Antonii
975 1381 1078 1477 apud
1107 1381 1262 1455 Actium

115 1498 255 1596 opihus
308 1499 474 1574 Athenas
525 1497 738 1597 confugisse
789 1520 976 1595 ermupre,
1028 1520 1117 1571 cum
1158 1500 1262 1597 sopi-

115 1624 158 1689 ta
201 1626 333 1693 mente
375 1626 539 1693 vexatus
575 1617 674 1690 curis
707 1641 753 1691 ac
781 1618 1095 1691 sollicitudinibus
1130 1617 1170 1689 in
1204 1618 1262 1692 le·

116 1736 223 1809 ctulo
247 1732 408 1836 jaceret,
441 1738 582 1811 vidisse
613 1736 725 1810 istam
750 1736 937 1833 speciem,
977 1745 1015 1809 et
1040 1736 1139 1811 hanc
1165 1738 1265 1811 inter

116 1864 269 1929 noctem
302 1863 343 1929 et
376 1856 603 1955 supplicium
628 1855 823 1952 paululum
848 1858 1054 1929 admodum
1080 1856 1262 1954 temporis

116 1971 387 2049 intercessisse.
455 1976 551 2047 llam
584 1974 754 2048 Valerius
784 1974 975 2047 Maximus
1008 2000 1087 2048 uon
1120 1975 1154 2048 is
1187 1982 1259 2068 est,

117 2091 251 2189 quiin
274 2094 391 2167 rehus
416 2093 634 2167 enarrandis
667 2093 852 2190 temporis
880 2094 1059 2168 ordinem
1083 2094 1262 2194 religiose

119 2210 311 2287 observet.
380 2212 467 2307 Sic,
508 2220 554 2285 ut
587 2212 661 2286 hoc
691 2219 803 2305 utar,
842 2211 886 2284 P.
915 2212 1133 2285 Turullium
1163 2213 1262 2285 inter

117 2327 246 2427 ipssnn
277 2328 463 2405 nefarium
497 2331 771 2423 ministerium,
813 2330 967 2404 devictis
991 2332 1161 2429 partibus
1182 2332 1262 2403 An-

117 2449 235 2539 tonii,
260 2450 423 2549 imperio
440 2451 610 2526 Caesaris
634 2450 751 2523 morti
776 2449 1004 2523 destinatum
1021 2450 1131 2541 dicit,
1158 2448 1261 2546 quod

116 2567 284 2643 vidimus
315 2569 430 2669 longe
454 2592 566 2644 secata
588 2593 631 2643 se
655 2568 811 2642 hahere.
871 2567 1004 2665 Itaque
1029 2567 1083 2640 M.
1104 2565 1260 2639 Antonii

114 2710 208 2785 opes
240 2685 382 2763 fractae
414 2688 571 2786 quidem
602 2696 711 2761 erant
735 2688 835 2785 opud
860 2687 1035 2779 Actium,
1068 2688 1136 2761 sed
1161 2710 1259 2759 non·

116 2807 215 2879 dum
239 2807 403 2897 deletae3
430 2794 611 2905 ‹pramdiu
629 2807 695 2878 ille
714 2806 888 2898 vivebat,
914 2805 1078 2879 habehat
1094 2804 1256 2896 Cassius,

111 2926 219 3025 qnod
243 2925 293 2999 de
317 2925 540 3000 fortitudine
564 2922 648 3026 ejus
675 2932 713 2998 et
728 2924 819 2996 helli
836 2925 990 3025 gerendi
1009 2925 1143 3023 peritia
1169 2948 1258 3022 spe-

110 3051 241 3137 raret,
283 3053 343 3139 et,
385 3070 433 3121 eo
466 3046 689 3144 superstite,
732 3052 836 3117 tutus
870 3044 987 3117 etiam
1020 3051 1101 3117 erat
1125 3050 1164 3117 et
1188 3044 1258 3117 de·

110 3160 244 3237 fensm
276 3164 325 3237 ah
356 3163 415 3237 ira
447 3161 660 3239 Octaviani.
717 3162 767 3236 At
793 3188 912 3259 qutun
936 3162 1096 3237 Athenis
1122 3163 1258 3236 delite-

110 3304 225 3355 scens
255 3282 504 3357 inaudivisset
539 3284 587 3357 de
625 3283 769 3357 curdeli
803 3281 883 3356 fato
918 3282 1102 3372 Turullii,
1139 3305 1257 3377 quem

110 3398 298 3475 Antonius
321 3401 364 3475 in
387 3399 504 3475 fidem
528 3410 727 3500 receptum
752 3426 796 3475 ac
818 3399 1053 3475 familiariter
1073 3397 1146 3498 ipsi
1164 3422 1256 3472 con·

109 3512 287 3617 junctim
311 3517 456 3595 nelarie
478 3521 716 3618 prodiderat,
743 3520 839 3591 nihil
854 3526 938 3594 erat
963 3518 1065 3615 quod
1091 3517 1253 3617 amplius

110 3643 294 3735 speraret.
334 3638 435 3731 Qirid
452 3638 568 3739 igitur
582 3638 737 3731 mir-inu,
764 3638 797 3711 si
811 3640 859 3713 ab
875 3639 950 3713 hoc
963 3639 1054 3711 inde
1078 3645 1255 3734 temporo

110 3753 186 3831 sibi
218 3778 388 3854 utaequa
421 3757 522 3832 vitae
552 3751 733 3831 thaeratf
778 3756 812 3831 sl
852 3758 889 3831 ei
923 3782 994 3857 per
1031 3755 1254 3831 concubium

107 3880 265 3949 noctem
288 3875 331 3950 in
352 3876 493 3951 lectrdo
516 3872 655 3977 jacenti
679 3882 719 3949 et
750 3876 849 3950 curis
875 3884 916 3950 et
939 3875 1255 3951 sollicitudinibus

107 3992 250 4093 agitato
283 3994 359 4069 ista
390 3997 633 4084 κακοδαίμονος
672 3994 818 4093 species
859 3990 1119 4095 objiceretur?
1162 3995 1253 4089 Quis

107 4112 216 4185 enim
240 4114 391 4212 estqui
417 4114 581 4208 dubitet,
608 4113 702 4212 quin
727 4114 843 4189 Cassii
857 4114 1070 4190 Parmensis
1084 4115 1253 4190 animum

105 4231 232 4333 magis
262 4232 463 4309 sollicitum
497 4232 640 4308 hahere
673 4233 903 4335 graviusque
942 4236 1151 4333 percellere
1185 4235 1253 4307 de·

106 4350 240 4427 huorit
271 4351 343 4431 iata
372 4352 426 4429 ll.
448 4351 600 4429 Antonii
631 4353 673 4429 in
702 4352 846 4431 ainictu
870 4360 912 4428 et
935 4352 1139 4431 fertiliores
1164 4373 1252 4448 per-
