2686 5236
429 665 478 717 33
506 665 884 719 333313333333331.
1168 647 1245 724 293

97 826 151 903 de
174 827 315 904 3333313
343 828 585 904 1133333333
610 831 651 903 13
677 854 813 906 corum
837 833 985 907 transiit
1010 835 1244 927 senteutiam,

99 947 168 1046 qui
191 948 296 1021 illam
321 948 521 1046 epistolam
546 948 711 1024 aCassio
737 951 930 1025 Parmensi
956 954 1136 1050 scriptam
1160 979 1245 1029 esse

99 1067 391 1160 existimarunt,
416 1091 542 1164 neque
568 1076 696 1141 tamen
722 1070 896 1168 gradano,
923 1096 1000 1169 quo
1025 1073 1136 1144 istam
1157 1095 1244 1146 sen·

98 1185 255 1260 tentiam
280 1186 483 1278 stabiliret,
509 1187 664 1284 protulit
688 1197 974 1287 armunenhrm,
1001 1214 1118 1286 quam
1141 1192 1245 1287 quod

100 1312 269 1398 constet,
295 1304 363 1377 illo
390 1329 489 1379 anno
513 1305 760 1379 Parmensem
786 1308 894 1381 Bruti
919 1317 960 1382 et
985 1310 1102 1383 Cassii
1127 1316 1245 1383 castra

99 1431 273 1499 33331133
306 1423 347 1495 13
373 1423 465 1496 Asia
489 1425 687 1522 provincia
718 1423 835 1500 fuisse
861 1427 969 1500 classi
995 1424 1244 1524 praelectum.

100 1541 248 1617 Verum
281 1550 432 1636 tamen,
468 1567 547 1639 quo
581 1543 709 1617 minus
733 1543 954 1618 Drumanno
979 1546 1104 1643 potius
1130 1570 1245 1643 quam

100 1658 285 1736 Schiitzio
311 1661 514 1734 adsensum
531 1662 756 1758 praebeam,
783 1661 885 1735 haud
904 1687 1025 1761 pauca
1040 1672 1127 1738 sunt
1146 1688 1245 1762 quae
1325 1657 1331 1661 ’

100 1780 263 1855 obstent.
337 1778 435 1853 Nam
465 1787 509 1852 ut
544 1780 709 1854 liberalis
752 1781 824 1853 sim
857 1804 901 1855 ae
943 1785 1170 1876 concedam,
1203 1783 1245 1856 in

99 1898 165 1973 1113
201 1898 358 1997 epistola
391 1921 476 1972 esse
515 1899 720 1993 nonnulla,
762 1923 884 1997 quae,
928 1902 1155 1998 praesertim
1192 1926 1244 1976 ox

99 2023 233 2092 nostra
260 2016 448 2091 sentiendi
483 2018 651 2111 ratione,
691 2018 986 2093 inverecundius
1024 2020 1073 2093 ab
1107 2016 1245 2120 juvene

98 2133 242 2234 scripta
265 2134 391 2211 videri
413 2136 581 2234 possint,
607 2143 737 2211 tamen
760 2138 884 2211 multo
908 2138 1019 2236 plura
1041 2138 1246 2214 inveniun-

99 2261 191 2347 tur,
223 2278 324 2352 quae
355 2279 379 2329 a
411 2254 624 2330 Parmensis
659 2257 776 2330 Cassii
809 2281 971 2354 persona
996 2264 1036 2332 et
1062 2258 1245 2358 dignitate

97 2373 330 2449 alienissima
363 2397 448 2447 3333
483 2375 684 2449 contendo.
741 2373 957 2472 Numquam
981 2378 1168 2469 adducar,
1202 2384 1246 2450 ut

96 2491 271 2591 aliquam
294 2491 386 2567 Julii
412 2490 580 2566 Caesaris
605 2516 869 2591 percussorem
895 2501 934 2568 31
960 2494 1142 2567 libertatis
1159 2495 1246 2570 vin·

96 2611 227 2685 dicem
249 2608 429 2686 facinoris
454 2611 534 2705 331,
574 2636 650 2708 quo
675 2611 771 2683 nihil
797 2608 937 2712 majus,
972 2613 1068 2684 nihil
1093 2612 1243 2708 fortius,

94 2728 269 2828 nihilque
293 2730 522 2829 praeclarius
547 2730 849 2828 computabant,
876 2739 955 2804 tam
979 2731 1245 2806 immemorem

97 2870 185 2923 3333
215 2849 384 2947 potuisse
417 2849 591 2941 credam,
634 2857 678 2921 ut
721 2847 966 2942 Ciceronem,
1010 2873 1061 2922 ne
1099 2851 1243 2924 socirnn

97 2952 260 3065 quidm
283 2966 506 3043 immortalis
529 2968 632 3041 illius
657 2967 767 3060 facti,
793 2969 920 3042 nimiis
945 2966 1099 3043 efferret
1123 2969 1245 3041 laudi-

97 3085 193 3179 bus,
227 3093 268 3160 ot
291 3093 336 3159 ut
361 3086 409 3160 ad
435 3111 526 3160 eum
541 3094 619 3160 tam
635 3086 806 3160 modeste
832 3089 881 3160 de
907 3086 1129 3162 sesentiens
1150 3087 1245 3160 scri·

95 3205 213 3279 heret
246 3215 278 3295 §.
307 3204 344 3280 5.
379 3208 508 3297 „Sunt
541 3204 632 3295 tibi,
675 3208 731 3278 M.
774 3204 901 3297 Tulli,
936 3203 1051 3278 liberi
1077 3206 1245 3306 propin-

98 3320 263 3423 paipue,
301 3321 415 3419 digni
444 3321 599 3423 quidem
632 3335 669 3396 13
702 3335 739 3396 31
772 3323 910 3396 aperito
946 3322 1018 3397 tibi
1041 3323 1244 3400 carissimi.

96 3440 199 3515 Em
222 3440 344 3515 ctiam
368 3442 507 3517 (1311331
531 3440 576 3514 io
600 3441 823 3541 republica
845 3440 1029 3541 proxiuw
1054 3442 1125 3516 hos
1145 3444 1244 3536 cori,

96 3555 171 3656 9111
193 3558 416 3635 studiorum
451 3572 609 3634 1331313
641 3573 735 3634 sucat
760 3560 918 3635 3313311.
936 3603 987 3617 -
1012 3561 1090 3634 Sed
1112 3572 1245 3635 131333

96 3700 184 3751 mn
218 3675 399 3754 13331313
426 3705 489 3754 nce
512 3679 630 3753 turha
648 3692 750 3778 puto
786 3678 962 3769 excludi,
1005 3704 1080 3777 quo
1113 3679 1246 3755 minua

97 3793 177 3871 tihi
205 3808 317 3870 33331
340 3823 404 3876 nto
426 3796 604 3898 accipere
638 3810 676 3871 31
701 3800 757 3871 ud
782 3796 915 3871 313313
922 3848 936 3888 ,
963 3823 1066 3896 3333
1088 3797 1184 3870 33113
1209 3811 1245 3871 31

95 3913 259 4014 prodeo,
283 3918 507 4015 producere.
558 3914 754 3990 Animum
777 3913 850 3990 1ὥί
868 3928 1047 3989 uestrum
1060 3915 1246 4012 sortasse

91 4031 375 4132 procacium
402 4033 606 4131 ingenium
631 4033 789 4110 (11111133
814 4034 1000 4125 servitus,
1026 4045 1128 4107 certe
1146 4061 1245 4134 quu-

97 4141 287 4253 lccrhtquc
311 4165 388 4245 cat,
414 4152 547 4228 331333
571 4165 725 4245 133133,
759 4178 880 4253 pacem
904 4164 1013 4242 mccl,
1033 4178 1162 4250 passu
1188 4166 1245 4228 cst

97 4267 268 4346 videri.“
326 4267 454 4367 Quid?
495 4297 596 4346 3333
631 4296 786 4365 eorum,
828 4297 926 4368 quos
960 4269 1093 4347 Cicero
1134 4272 1246 4347 toties

95 4387 261 4466 1333333]
301 4391 459 4467 nomine
499 4397 630 4485 ornat,
675 4387 787 4490 hujus
821 4390 944 4464 studia
970 4390 1011 4464 in
1036 4392 1246 4490 rempubli-

99 4530 184 4583 cam
209 4510 295 4586 vult
317 4509 499 4585 aemulari
523 4518 563 4584 et
588 4510 691 4609 eupit
715 4511 763 4584 ab
780 4526 829 4584 ¹eo
847 4509 974 4607 excipi
994 4519 1032 4585 et
1055 4511 1246 4587 adomnia

97 4620 289 4724 produci?
321 4627 431 4704 Idem
455 4637 487 4719 §.
503 4629 542 4704 4.
568 4628 788 4727 scripseratz
815 4640 889 4721 „ut
914 4628 1011 4703 haec
1032 4626 1246 4705 novissim

98 4755 240 4824 333133
251 4747 381 4848 sacto
394 4787 447 4807 -
460 4740 531 4824 3311
553 4744 702 4824 amilio
715 4746 796 4824 illic
812 4744 1121 4845 cogitationibus,
1147 4770 1247 4848 333·
