2670 5294
496 275 701 327 excursus
730 278 769 326 v.
1135 253 1206 327 lot

54 434 370 535 chronologiam
394 460 525 513 rerum
550 438 729 515 ordinem
752 436 950 540 adstringi!
977 436 1095 513 Recta
1121 438 1207 537 qui-

55 554 147 627 ‹lcm
174 550 393 630 Schmidins
428 558 548 632 verba
569 556 743 632 Suetonii
767 558 808 631 in
836 558 908 631 vit.
934 556 1066 633 llorat.
1092 556 1205 632 Tom.

53 672 127 745 ΠΙ.
153 698 193 771 p.
220 669 286 749 50.
316 672 395 747 wf.
428 687 520 774 post
551 700 749 751 samsona
783 679 900 751 lectos
933 676 1126 776 quosdam
1157 678 1206 751 ‹le

56 791 206 865 Horatii
230 790 413 891 Epistolis
431 792 542 869 Libri
553 793 585 867 l.
610 795 764 895 accipit,
790 796 831 871 in
856 796 994 895 quibus
1015 818 1103 869 omn
1118 796 1206 869 nul·
1285 850 1288 855 -

56 912 136 983 lam
159 910 221 985 sni
245 911 481 987 mentionem
505 910 643 989 factam
666 914 872 991 invenisset
894 913 1106 1015 Augustus,
1133 914 1207 989 hoc

57 1054 215 1107 cannen
246 1032 480 1129 expresserit
505 1032 647 1111 Poetae
676 1032 889 1124 Venusiam
926 1034 996 1107 sod
1020 1032 1058 1107 ci
1081 1034 1206 1108 iucre-

56 1148 178 1224 ‹libilo
217 1151 393 1247 videtur,
446 1151 648 1235 Horatium
695 1152 880 1228 dcccmrio
922 1158 1008 1251 post
1049 1153 1206 1227 dommo

57 1266 214 1369 Augusti
238 1271 417 1370 precibus
441 1270 702 1347 satisfecisse.
751 1272 802 1345 At
816 1269 936 1345 Liber
950 1268 1207 1369 Epistolarum

59 1388 210 1485 primns
242 1414 341 1482 non,
384 1398 430 1466 ut
462 1390 681 1466 Sclmridins
716 1389 804 1465 Vol.
828 1389 860 1463 Ι.
886 1416 926 1488 p.
945 1387 1035 1464 451.
1062 1397 1204 1483 censet,

58 1530 159 1581 auno
175 1507 220 1582 U.
237 1508 280 1583 C.
300 1510 388 1584 734.
413 1516 581 1585 excunte
604 1515 671 1583 aut
695 1508 851 1584 incunte
876 1532 975 1582 auno
991 1510 1036 1583 U.
1055 1507 1098 1582 C.
1117 1506 1205 1582 735.

59 1628 150 1721 sod,
184 1635 227 1704 ut
251 1628 342 1704 alias
376 1629 581 1727 probatum
604 1626 693 1722 ibo,
734 1629 834 1703 circa
858 1627 1008 1717 initium
1041 1626 1132 1700 anni
1158 1624 1203 1700 U.

60 1748 102 1823 c.
131 1749 221 1824 sss.
257 1749 382 1825 ont...
413 1755 485 1823 est.
543 1746 693 1823 annue
724 1772 804 1823 non
836 1716 871 1821 a
903 1752 987 1821 orat
1010 1744 1200 1838 nomon,

59 1869 127 1967 qui
162 1868 372 1965 potantium
404 1867 582 1966 precibus
613 1864 727 1941 facilc
759 1866 1055 1957 obsecrmdarct,
1094 1885 1207 1962 prae·

58 1987 194 2063 sertim
226 2011 347 2085 quum
377 2010 498 2087 pauca
530 1992 570 2060 ct
600 2009 688 2061 raro
723 1987 891 2062 scribere
916 1986 1055 2061 soleret
1080 1989 1119 2057 ct
1143 1983 1206 2059 vel

59 2105 361 2183 familiarissimis
391 2106 470 2181 suis
503 2104 673 2180 carmina
704 2106 925 2206 rogantibus
961 2104 1053 2177 satis
1077 2100 1238 2176 lacere·

58 2250 273 2324 numquam
288 2251 368 2300 non
383 2234 618 2325 gravarctsu.
662 2224 837 2323 Denique
853 2223 958 2297 haud
972 2221 1053 2295 sine
1069 2240 1207 2319 magna

59 2347 145 2423 veri
159 2346 286 2445 spcoie
302 2344 502 2419 Massonns
526 2340 641 2445 hujus
657 2341 848 2443 Epistulae
864 2364 998 2418 versus
1017 2338 1104 2413 132.
1122 2362 1207 2435 sqq.

59 2466 110 2540 ad
137 2463 300 2539 Carmen
324 2462 550 2556 saeculare,
575 2471 617 2537 at
642 2486 775 2539 versus
799 2460 889 2537 252.
906 2484 964 2557 sq.
990 2458 1040 2532 ad
1063 2456 1208 2530 bellum

58 2583 260 2661 Raeticum
294 2580 422 2657 ralort.
479 2582 548 2657 llis
572 2581 782 2657 rationibus
812 2581 1003 2670 adducor,
1037 2582 1081 2649 ut
1105 2573 1209 2647 Mas·

59 2728 204 2781 sonum
234 2702 278 2777 in
309 2699 523 2777 definiendo
555 2709 747 2801 temporo,
790 2724 870 2799 quo
894 2692 1209 2798 pracstantissima

58 2824 129 2899 illa
161 2820 332 2921 Epistola
363 2820 503 2918 scripta
535 2820 607 2915 sit,
649 2822 788 2897 v'errsm
820 2817 960 2893 vidisse
986 2813 1139 2889 credam
1164 2832 1210 2885 ao

61 2964 289 3043 pernegem‚
315 2964 534 3015 sermonem
557 2940 601 3015 in
624 2964 672 3017 ea
696 2962 780 3015 essa
797 2937 845 3011 ‹le
860 2932 1020 3034 Virgilio
1035 2938 1076 3015 et
1092 2928 1210 3003 Vario

58 3070 260 3159 umquam
271 3056 369 3135 vivis
385 3060 511 3138 adhuc
522 3058 823 3156 florentibusque
841 3053 975 3154 poetis,
999 3057 1045 3124 ut
1059 3047 1212 3123 Schmi-

61 3182 150 3255 dius
175 3178 363 3278 opinatur.
416 3178 463 3253 ln
476 3178 643 3255 Massoni
667 3175 892 3255 sententiam
919 3168 1071 3244 transiit
1095 3167 1212 3243 etiam

62 3320 191 3400 nuper
217 3297 456 3375 Kirohncrus
480 3297 522 3373 in
547 3296 700 3390 Quos
725 3296 856 3370 Horat.
881 3316 922 3391 p.
942 3290 1008 3365 38.
