<?xml version="1.0" encoding="UTF-8"?>
<!DOCTYPE html PUBLIC "-//W3C//DTD XHTML 1.0 Transitional//EN"
    "http://www.w3.org/TR/xhtml1/DTD/xhtml1-transitional.dtd">
<html xmlns="http://www.w3.org/1999/xhtml" xml:lang="en" lang="en">
 <head>
  <title>
</title>
<meta http-equiv="Content-Type" content="text/html;charset=utf-8" />
  <meta name='ocr-system' content='tesseract 3.04.00' />
  <meta name='ocr-capabilities' content='ocr_page ocr_carea ocr_par ocr_line ocrx_word'/>
</head>
<body>
  <div class='ocr_page' id='page_1' title='image "./deluciivariietc00weicgoog_0216.png"; bbox 0 0 2670 5294; ppageno 0'>
   <div class='ocr_carea' id='block_1_1' title="bbox 24 713 834 789">
    <p class='ocr_par' dir='ltr' id='par_1_1' title="bbox 24 713 834 789">
     <span class='ocr_line' id='line_1_1' title="bbox 24 713 834 789; baseline -0.007 -1"><span class='ocrx_word' id='word_1_1' title='bbox 24 713 100 789; x_wconf 74' lang='lat'><strong>194</strong></span> <span class='ocrx_word' id='word_1_2' title='bbox 372 732 423 784; x_wconf 77' lang='lat' dir='ltr'><strong>oe</strong></span> <span class='ocrx_word' id='word_1_3' title='bbox 449 730 586 785; x_wconf 72' lang='lat' dir='ltr'><strong>cassio</strong></span> <span class='ocrx_word' id='word_1_4' title='bbox 613 728 834 784; x_wconf 74' lang='lat' dir='ltr'><strong>rannessa.</strong></span> 
     </span>
    </p>
   </div>
   <div class='ocr_carea' id='block_1_2' title="bbox 21 892 1168 2901">
    <p class='ocr_par' dir='ltr' id='par_1_2' title="bbox 21 892 1168 2901">
     <span class='ocr_line' id='line_1_2' title="bbox 21 892 1167 997; baseline -0.01 -18"><span class='ocrx_word' id='word_1_5' title='bbox 21 900 131 980; x_wconf 75' lang='lat' dir='ltr'><strong>uam</strong></span> <span class='ocrx_word' id='word_1_6' title='bbox 153 910 192 973; x_wconf 88' lang='lat' dir='ltr'><strong>et</strong></span> <span class='ocrx_word' id='word_1_7' title='bbox 216 894 369 994; x_wconf 79' lang='lat' dir='ltr'><strong>irtgeuii</strong></span> <span class='ocrx_word' id='word_1_8' title='bbox 387 892 606 997; x_wconf 80' lang='lat' dir='ltr'><strong>plurimum</strong></span> <span class='ocrx_word' id='word_1_9' title='bbox 631 906 688 969; x_wconf 85' lang='lat' dir='ltr'><strong>eat</strong></span> <span class='ocrx_word' id='word_1_10' title='bbox 711 894 755 971; x_wconf 82' lang='lat' dir='ltr'><strong>ia</strong></span> <span class='ocrx_word' id='word_1_11' title='bbox 780 892 826 969; x_wconf 86' lang='lat' dir='ltr'><strong>e&#39;o</strong></span> <span class='ocrx_word' id='word_1_12' title='bbox 850 904 889 969; x_wconf 87' lang='lat' dir='ltr'><strong>et</strong></span> <span class='ocrx_word' id='word_1_13' title='bbox 912 892 976 969; x_wconf 79' lang='lat' dir='ltr'><strong>vis</strong></span> <span class='ocrx_word' id='word_1_14' title='bbox 999 918 1167 986; x_wconf 70' lang='lat' dir='ltr'><strong>ummo,</strong></span> 
     </span>
     <span class='ocr_line' id='line_1_3' title="bbox 22 1013 1168 1119; baseline -0.006 -24"><span class='ocrx_word' id='word_1_15' title='bbox 22 1021 92 1095; x_wconf 83' lang='lat' dir='ltr'><strong>aad</strong></span> <span class='ocrx_word' id='word_1_16' title='bbox 113 1020 206 1119; x_wconf 79' lang='lat' dir='ltr'><strong>plue</strong></span> <span class='ocrx_word' id='word_1_17' title='bbox 229 1017 428 1092; x_wconf 79' lang='lat' dir='ltr'><strong>stornuclso</strong></span> <span class='ocrx_word' id='word_1_18' title='bbox 454 1040 575 1116; x_wconf 76' lang='lat' dir='ltr'><strong>quam</strong></span> <span class='ocrx_word' id='word_1_19' title='bbox 596 1014 762 1105; x_wconf 32' lang='lat' dir='ltr'><strong>&#39;conar‘lr&#39;o</strong></span> <span class='ocrx_word' id='word_1_20' title='bbox 786 1013 939 1089; x_wconf 81' lang='lat' dir='ltr'><strong>dedit.“</strong></span> <span class='ocrx_word' id='word_1_21' title='bbox 995 1014 1168 1089; x_wconf 83' lang='lat' dir='ltr'><strong>Acerbaa</strong></span> 
     </span>
     <span class='ocr_line' id='line_1_4' title="bbox 23 1132 1167 1223; baseline -0.006 -8"><span class='ocrx_word' id='word_1_22' title='bbox 23 1139 127 1215; x_wconf 80' lang='lat' dir='ltr'><strong>araim</strong></span> <span class='ocrx_word' id='word_1_23' title='bbox 153 1137 357 1212; x_wconf 76' lang='lat' dir='ltr'><strong>dicacitatis</strong></span> <span class='ocrx_word' id='word_1_24' title='bbox 389 1135 586 1209; x_wconf 89' lang='lat' dir='ltr'><strong>hominem</strong></span> <span class='ocrx_word' id='word_1_25' title='bbox 622 1132 741 1210; x_wconf 74' lang='lat' dir='ltr'><strong>finisse</strong></span> <span class='ocrx_word' id='word_1_26' title='bbox 766 1132 940 1209; x_wconf 82' lang='lat' dir='ltr'><strong>Cassium</strong></span> <span class='ocrx_word' id='word_1_27' title='bbox 964 1133 1167 1223; x_wconf 86' lang='lat' dir='ltr'><strong>Severum,</strong></span> 
     </span>
     <span class='ocr_line' id='line_1_5' title="bbox 23 1250 1166 1360; baseline -0.007 -28"><span class='ocrx_word' id='word_1_28' title='bbox 23 1267 177 1360; x_wconf 82' lang='lat' dir='ltr'><strong>practer</strong></span> <span class='ocrx_word' id='word_1_29' title='bbox 195 1255 473 1357; x_wconf 79' lang='lat' dir='ltr'><strong>Quintilianum</strong></span> <span class='ocrx_word' id='word_1_30' title='bbox 495 1253 588 1330; x_wconf 67' lang='lat' dir='ltr'><strong>Insi-</strong></span> <span class='ocrx_word' id='word_1_31' title='bbox 614 1250 683 1329; x_wconf 89' lang='lat' dir='ltr'><strong>Or.</strong></span> <span class='ocrx_word' id='word_1_32' title='bbox 709 1252 818 1327; x_wconf 86' lang='lat' dir='ltr'><strong>Libr.</strong></span> <span class='ocrx_word' id='word_1_33' title='bbox 832 1253 916 1329; x_wconf 82' lang='lat' dir='ltr'><strong>Vll.</strong></span> <span class='ocrx_word' id='word_1_34' title='bbox 943 1277 977 1329; x_wconf 82' lang='lat' dir='ltr'><strong>e.</strong></span> <span class='ocrx_word' id='word_1_35' title='bbox 987 1254 1029 1330; x_wconf 83' lang='lat'><strong>3.</strong></span> <span class='ocrx_word' id='word_1_36' title='bbox 1055 1255 1166 1345; x_wconf 70' lang='lat' dir='ltr'><strong>atr.</strong></span> 
     </span>
     <span class='ocr_line' id='line_1_6' title="bbox 24 1370 1167 1467; baseline -0.006 -14"><span class='ocrx_word' id='word_1_37' title='bbox 24 1384 63 1453; x_wconf 87' lang='lat' dir='ltr'><strong>at</strong></span> <span class='ocrx_word' id='word_1_38' title='bbox 86 1374 195 1450; x_wconf 86' lang='lat' dir='ltr'><strong>Libr.</strong></span> <span class='ocrx_word' id='word_1_39' title='bbox 217 1374 307 1448; x_wconf 87' lang='lat' dir='ltr'><strong>XII.</strong></span> <span class='ocrx_word' id='word_1_40' title='bbox 332 1398 367 1450; x_wconf 87' lang='lat' dir='ltr'><strong>c.</strong></span> <span class='ocrx_word' id='word_1_41' title='bbox 386 1373 447 1449; x_wconf 82' lang='lat'><strong>1⁰.</strong></span> <span class='ocrx_word' id='word_1_42' title='bbox 473 1381 504 1464; x_wconf 66' lang='grc' dir='ltr'><strong>ς.</strong></span> <span class='ocrx_word' id='word_1_43' title='bbox 533 1370 617 1467; x_wconf 89' lang='grc'><strong>11·.-,</strong></span> <span class='ocrx_word' id='word_1_44' title='bbox 652 1371 851 1448; x_wconf 86' lang='lat' dir='ltr'><strong>confirmat</strong></span> <span class='ocrx_word' id='word_1_45' title='bbox 875 1373 989 1448; x_wconf 91' lang='lat' dir='ltr'><strong>etiam</strong></span> <span class='ocrx_word' id='word_1_46' title='bbox 1026 1371 1167 1448; x_wconf 79' lang='lat' dir='ltr'><strong>Auctor</strong></span> 
     </span>
     <span class='ocr_line' id='line_1_7' title="bbox 23 1492 1167 1595; baseline -0.003 -27"><span class='ocrx_word' id='word_1_47' title='bbox 23 1495 171 1595; x_wconf 82' lang='lat' dir='ltr'><strong>Dialog.</strong></span> <span class='ocrx_word' id='word_1_48' title='bbox 199 1495 247 1570; x_wconf 87' lang='lat' dir='ltr'><strong>de</strong></span> <span class='ocrx_word' id='word_1_49' title='bbox 274 1492 399 1568; x_wconf 81' lang='lat' dir='ltr'><strong>Oratt.</strong></span> <span class='ocrx_word' id='word_1_50' title='bbox 424 1517 458 1568; x_wconf 87' lang='lat' dir='ltr'><strong>c.</strong></span> <span class='ocrx_word' id='word_1_51' title='bbox 477 1494 540 1569; x_wconf 75' lang='lat'><strong>26.</strong></span> <span class='ocrx_word' id='word_1_52' title='bbox 567 1492 716 1586; x_wconf 88' lang='lat' dir='ltr'><strong>dicens,</strong></span> <span class='ocrx_word' id='word_1_53' title='bbox 743 1514 833 1567; x_wconf 88' lang='lat' dir='ltr'><strong>eum</strong></span> <span class='ocrx_word' id='word_1_54' title='bbox 851 1492 893 1565; x_wconf 91' lang='lat' dir='ltr'><strong>in</strong></span> <span class='ocrx_word' id='word_1_55' title='bbox 906 1514 1048 1592; x_wconf 86' lang='lat' dir='ltr'><strong>magne</strong></span> <span class='ocrx_word' id='word_1_56' title='bbox 1064 1498 1167 1590; x_wconf 86' lang='lat' dir='ltr'><strong>parte</strong></span> 
     </span>
     <span class='ocr_line' id='line_1_8' title="bbox 24 1610 1166 1711; baseline -0.005 -22"><span class='ocrx_word' id='word_1_57' title='bbox 24 1614 212 1689; x_wconf 88' lang='lat' dir='ltr'><strong>librorum</strong></span> <span class='ocrx_word' id='word_1_58' title='bbox 238 1638 395 1689; x_wconf 90' lang='lat' dir='ltr'><strong>suorum</strong></span> <span class='ocrx_word' id='word_1_59' title='bbox 419 1613 460 1688; x_wconf 79' lang='lat' dir='ltr'><strong>h.</strong></span> <span class='ocrx_word' id='word_1_60' title='bbox 478 1636 514 1687; x_wconf 89' lang='lat' dir='ltr'><strong>e.</strong></span> <span class='ocrx_word' id='word_1_61' title='bbox 541 1611 757 1687; x_wconf 89' lang='lat' dir='ltr'><strong>orationum</strong></span> <span class='ocrx_word' id='word_1_62' title='bbox 779 1612 866 1711; x_wconf 87' lang='lat' dir='ltr'><strong>plus</strong></span> <span class='ocrx_word' id='word_1_63' title='bbox 890 1610 1000 1711; x_wconf 87' lang='lat' dir='ltr'><strong>puris</strong></span> <span class='ocrx_word' id='word_1_64' title='bbox 1026 1610 1166 1684; x_wconf 87' lang='lat' dir='ltr'><strong>habere</strong></span> 
     </span>
     <span class='ocr_line' id='line_1_9' title="bbox 24 1730 1166 1835; baseline -0.005 -27"><span class='ocrx_word' id='word_1_65' title='bbox 24 1756 139 1832; x_wconf 89' lang='lat' dir='ltr'><strong>quam</strong></span> <span class='ocrx_word' id='word_1_66' title='bbox 163 1733 374 1835; x_wconf 85' lang='lat' dir='ltr'><strong>sanguinis,</strong></span> <span class='ocrx_word' id='word_1_67' title='bbox 405 1754 591 1830; x_wconf 82' lang='lat' dir='ltr'><strong>eumque,</strong></span> <span class='ocrx_word' id='word_1_68' title='bbox 624 1738 844 1831; x_wconf 83' lang='lat' dir='ltr'><strong>contempta</strong></span> <span class='ocrx_word' id='word_1_69' title='bbox 868 1730 1004 1806; x_wconf 89' lang='lat' dir='ltr'><strong>ordine</strong></span> <span class='ocrx_word' id='word_1_70' title='bbox 1029 1752 1166 1820; x_wconf 75' lang='lat' dir='ltr'><strong>terrun,</strong></span> 
     </span>
     <span class='ocr_line' id='line_1_10' title="bbox 24 1848 1165 1951; baseline -0.005 -24"><span class='ocrx_word' id='word_1_71' title='bbox 24 1852 166 1927; x_wconf 85' lang='lat' dir='ltr'><strong>omissa</strong></span> <span class='ocrx_word' id='word_1_72' title='bbox 182 1898 186 1917; x_wconf 84' lang='lat'><em>·</em></span> <span class='ocrx_word' id='word_1_73' title='bbox 202 1852 391 1928; x_wconf 89' lang='lat' dir='ltr'><strong>modestia</strong></span> <span class='ocrx_word' id='word_1_74' title='bbox 424 1874 469 1927; x_wconf 88' lang='lat' dir='ltr'><strong>ac</strong></span> <span class='ocrx_word' id='word_1_75' title='bbox 503 1850 651 1951; x_wconf 83' lang='lat' dir='ltr'><strong>pudore</strong></span> <span class='ocrx_word' id='word_1_76' title='bbox 683 1851 890 1925; x_wconf 80' lang='lat' dir='ltr'><strong>verbenam</strong></span> <span class='ocrx_word' id='word_1_77' title='bbox 920 1849 1016 1951; x_wconf 82' lang='lat' dir='ltr'><strong>ipsis</strong></span> <span class='ocrx_word' id='word_1_78' title='bbox 1042 1848 1165 1939; x_wconf 85' lang='lat' dir='ltr'><strong>etiam,</strong></span> 
     </span>
     <span class='ocr_line' id='line_1_11' title="bbox 25 1964 1164 2070; baseline -0.007 -23"><span class='ocrx_word' id='word_1_79' title='bbox 25 1972 165 2070; x_wconf 89' lang='lat' dir='ltr'><strong>quibus</strong></span> <span class='ocrx_word' id='word_1_80' title='bbox 181 1979 329 2066; x_wconf 90' lang='lat' dir='ltr'><strong>utatur,</strong></span> <span class='ocrx_word' id='word_1_81' title='bbox 357 1972 473 2047; x_wconf 83' lang='lat' dir='ltr'><strong>amris</strong></span> <span class='ocrx_word' id='word_1_82' title='bbox 495 1968 793 2069; x_wconf 79' lang='lat' dir='ltr'><strong>incompositam</strong></span> <span class='ocrx_word' id='word_1_83' title='bbox 811 1976 852 2043; x_wconf 89' lang='lat' dir='ltr'><strong>et</strong></span> <span class='ocrx_word' id='word_1_84' title='bbox 868 1969 991 2042; x_wconf 91' lang='lat' dir='ltr'><strong>studio</strong></span> <span class='ocrx_word' id='word_1_85' title='bbox 1008 1964 1164 2042; x_wconf 89' lang='lat' dir='ltr'><strong>feriendi</strong></span> 
     </span>
     <span class='ocr_line' id='line_1_12' title="bbox 24 2087 1069 2191; baseline -0.004 -27"><span class='ocrx_word' id='word_1_86' title='bbox 24 2090 260 2190; x_wconf 72' lang='lat' dir='ltr'><strong>plenumque·</strong></span> <span class='ocrx_word' id='word_1_87' title='bbox 279 2087 488 2191; x_wconf 86' lang='lat' dir='ltr'><strong>dejectum,</strong></span> <span class='ocrx_word' id='word_1_88' title='bbox 521 2112 600 2164; x_wconf 90' lang='lat' dir='ltr'><strong>non</strong></span> <span class='ocrx_word' id='word_1_89' title='bbox 624 2110 813 2190; x_wconf 83' lang='lat' dir='ltr'><strong>pugnare,</strong></span> <span class='ocrx_word' id='word_1_90' title='bbox 840 2088 908 2162; x_wconf 88' lang='lat' dir='ltr'><strong>sed</strong></span> <span class='ocrx_word' id='word_1_91' title='bbox 933 2087 1069 2161; x_wconf 85' lang='lat' dir='ltr'><strong>rixari.</strong></span> 
     </span>
     <span class='ocr_line' id='line_1_13' title="bbox 126 2206 1164 2309; baseline -0.001 -27"><span class='ocrx_word' id='word_1_92' title='bbox 126 2206 249 2309; x_wconf 84' lang='lat' dir='ltr'><strong>Hujus</strong></span> <span class='ocrx_word' id='word_1_93' title='bbox 274 2210 431 2308; x_wconf 89' lang='lat' dir='ltr'><strong>quidem</strong></span> <span class='ocrx_word' id='word_1_94' title='bbox 457 2207 656 2283; x_wconf 82' lang='lat' dir='ltr'><strong>Cassianae</strong></span> <span class='ocrx_word' id='word_1_95' title='bbox 688 2206 896 2281; x_wconf 78' lang='lat' dir='ltr'><strong>dicacitatis</strong></span> <span class='ocrx_word' id='word_1_96' title='bbox 922 2214 1075 2283; x_wconf 87' lang='lat' dir='ltr'><strong>servata</strong></span> <span class='ocrx_word' id='word_1_97' title='bbox 1099 2230 1164 2281; x_wconf 89' lang='lat' dir='ltr'><strong>no·</strong></span> 
     </span>
     <span class='ocr_line' id='line_1_14' title="bbox 26 2324 1163 2425; baseline -0.003 -24"><span class='ocrx_word' id='word_1_98' title='bbox 26 2327 86 2401; x_wconf 89' lang='lat' dir='ltr'><strong>bis</strong></span> <span class='ocrx_word' id='word_1_99' title='bbox 120 2335 271 2401; x_wconf 74' lang='lat' dir='ltr'><strong>exstaru</strong></span> <span class='ocrx_word' id='word_1_100' title='bbox 303 2326 450 2425; x_wconf 89' lang='lat' dir='ltr'><strong>aliquot</strong></span> <span class='ocrx_word' id='word_1_101' title='bbox 481 2326 711 2401; x_wconf 86' lang='lat' dir='ltr'><strong>testimonia.</strong></span> <span class='ocrx_word' id='word_1_102' title='bbox 779 2325 1034 2425; x_wconf 83' lang='lat' dir='ltr'><strong>Quintilianus</strong></span> <span class='ocrx_word' id='word_1_103' title='bbox 1074 2324 1163 2399; x_wconf 82' lang='lat' dir='ltr'><strong>last.</strong></span> 
     </span>
     <span class='ocr_line' id='line_1_15' title="bbox 27 2443 1162 2544; baseline -0.003 -23"><span class='ocrx_word' id='word_1_104' title='bbox 27 2443 94 2521; x_wconf 88' lang='lat' dir='ltr'><strong>Or.</strong></span> <span class='ocrx_word' id='word_1_105' title='bbox 104 2444 210 2521; x_wconf 85' lang='lat' dir='ltr'><strong>Libr.</strong></span> <span class='ocrx_word' id='word_1_106' title='bbox 219 2444 324 2520; x_wconf 82' lang='lat' dir='ltr'><strong>vm.</strong></span> <span class='ocrx_word' id='word_1_107' title='bbox 352 2446 433 2521; x_wconf 73' lang='lat' dir='ltr'><strong>cd.</strong></span> <span class='ocrx_word' id='word_1_108' title='bbox 460 2455 491 2537; x_wconf 84' lang='lat'><strong>§.</strong></span> <span class='ocrx_word' id='word_1_109' title='bbox 502 2447 566 2521; x_wconf 86' lang='grc'><strong>89.</strong></span> <span class='ocrx_word' id='word_1_110' title='bbox 618 2444 712 2539; x_wconf 86' lang='lat' dir='ltr'><strong>„Est</strong></span> <span class='ocrx_word' id='word_1_111' title='bbox 730 2451 768 2520; x_wconf 87' lang='lat' dir='ltr'><strong>at</strong></span> <span class='ocrx_word' id='word_1_112' title='bbox 786 2468 958 2519; x_wconf 81' lang='lat' dir='ltr'><strong>amanam</strong></span> <span class='ocrx_word' id='word_1_113' title='bbox 974 2445 1162 2544; x_wconf 84' lang='lat' dir='ltr'><strong>quiddam,</strong></span> 
     </span>
     <span class='ocr_line' id='line_1_16' title="bbox 25 2562 1163 2664; baseline -0.003 -26"><span class='ocrx_word' id='word_1_114' title='bbox 25 2565 130 2664; x_wconf 77' lang='lat' dir='ltr'><strong>qrrod</strong></span> <span class='ocrx_word' id='word_1_115' title='bbox 155 2563 238 2640; x_wconf 88' lang='lat' dir='ltr'><strong>iera</strong></span> <span class='ocrx_word' id='word_1_116' title='bbox 263 2565 304 2639; x_wconf 89' lang='lat' dir='ltr'><strong>in</strong></span> <span class='ocrx_word' id='word_1_117' title='bbox 329 2566 558 2640; x_wconf 89' lang='lat' dir='ltr'><strong>contumelia</strong></span> <span class='ocrx_word' id='word_1_118' title='bbox 588 2572 648 2639; x_wconf 90' lang='lat' dir='ltr'><strong>est</strong></span> <span class='ocrx_word' id='word_1_119' title='bbox 671 2564 856 2664; x_wconf 85' lang='lat' dir='ltr'><strong>positrrm,</strong></span> <span class='ocrx_word' id='word_1_120' title='bbox 891 2566 1006 2663; x_wconf 79' lang='lat' dir='ltr'><strong>qrrale</strong></span> <span class='ocrx_word' id='word_1_121' title='bbox 1032 2562 1163 2638; x_wconf 84' lang='lat' dir='ltr'><strong>Cassii:</strong></span> 
     </span>
     <span class='ocr_line' id='line_1_17' title="bbox 30 2670 1163 2783; baseline -0.004 -23"><span class='ocrx_word' id='word_1_122' title='bbox 30 2685 138 2783; x_wconf 80' lang='lat' dir='ltr'><strong>Quid</strong></span> <span class='ocrx_word' id='word_1_123' title='bbox 149 2684 309 2783; x_wconf 81' lang='lat' dir='ltr'><strong>facies,</strong></span> <span class='ocrx_word' id='word_1_124' title='bbox 340 2712 429 2760; x_wconf 83' lang='lat' dir='ltr'><strong>cum</strong></span> <span class='ocrx_word' id='word_1_125' title='bbox 453 2684 499 2759; x_wconf 83' lang='lat' dir='ltr'><strong>a&#39;n</strong></span> <span class='ocrx_word' id='word_1_126' title='bbox 524 2685 629 2758; x_wconf 78' lang='lat' dir='ltr'><strong>borsa</strong></span> <span class='ocrx_word' id='word_1_127' title='bbox 653 2696 726 2758; x_wconf 77' lang='lat' dir='ltr'><strong>turc</strong></span> <span class='ocrx_word' id='word_1_128' title='bbox 751 2670 965 2759; x_wconf 79' lang='lat' dir='ltr'><strong>t&#39;nvoaerol</strong></span> <span class='ocrx_word' id='word_1_129' title='bbox 1001 2684 1077 2758; x_wconf 79' lang='lat' dir='ltr'><strong>laec</strong></span> <span class='ocrx_word' id='word_1_130' title='bbox 1100 2694 1163 2771; x_wconf 79' lang='lat' dir='ltr'><strong>eat,</strong></span> 
     </span>
     <span class='ocr_line' id='line_1_18' title="bbox 26 2800 1163 2901; baseline -0.006 -22"><span class='ocrx_word' id='word_1_131' title='bbox 26 2830 116 2897; x_wconf 74' lang='lat' dir='ltr'><strong>cum</strong></span> <span class='ocrx_word' id='word_1_132' title='bbox 149 2814 187 2878; x_wconf 86' lang='lat' dir='ltr'><strong>te</strong></span> <span class='ocrx_word' id='word_1_133' title='bbox 220 2806 386 2880; x_wconf 73' lang='lat' dir='ltr'><strong>demere</strong></span> <span class='ocrx_word' id='word_1_134' title='bbox 420 2800 570 2878; x_wconf 81' lang='lat' dir='ltr'><strong>nescire</strong></span> <span class='ocrx_word' id='word_1_135' title='bbox 599 2802 911 2901; x_wconf 76' lang='lat' dir='ltr'><strong>rnoledicere⁸).“</strong></span> <span class='ocrx_word' id='word_1_136' title='bbox 963 2802 1163 2879; x_wconf 76' lang='lat' dir='ltr'><strong>Suetonius</strong></span> 
     </span>
    </p>
   </div>
   <div class='ocr_carea' id='block_1_3' title="bbox 22 3109 1175 4901">
    <p class='ocr_par' dir='ltr' id='par_1_3' title="bbox 22 3109 1175 4901">
     <span class='ocr_line' id='line_1_19' title="bbox 112 3109 1165 3192; baseline -0.005 -17"><span class='ocrx_word' id='word_1_137' title='bbox 112 3116 145 3182; x_wconf 86' lang='lat'><strong>8)</strong></span> <span class='ocrx_word' id='word_1_138' title='bbox 169 3109 356 3172; x_wconf 84' lang='lat' dir='ltr'><strong>Gernbsrdus</strong></span> <span class='ocrx_word' id='word_1_139' title='bbox 377 3131 425 3171; x_wconf 79' lang='lat' dir='ltr'><strong>w.</strong></span> <span class='ocrx_word' id='word_1_140' title='bbox 446 3133 512 3172; x_wconf 76' lang='lat' dir='ltr'><strong>cuns</strong></span> <span class='ocrx_word' id='word_1_141' title='bbox 531 3125 560 3172; x_wconf 86' lang='lat' dir='ltr'><strong>te</strong></span> <span class='ocrx_word' id='word_1_142' title='bbox 581 3144 624 3158; x_wconf 91' lang='lat'>-</span> <span class='ocrx_word' id='word_1_143' title='bbox 643 3110 818 3174; x_wconf 75' lang='lat' dir='ltr'><strong>maledicere</strong></span> <span class='ocrx_word' id='word_1_144' title='bbox 844 3113 953 3188; x_wconf 81' lang='lat' dir='ltr'><strong>putavit</strong></span> <span class='ocrx_word' id='word_1_145' title='bbox 981 3132 1050 3172; x_wconf 82' lang='lat' dir='ltr'><strong>esse</strong></span> <span class='ocrx_word' id='word_1_146' title='bbox 1079 3110 1165 3192; x_wconf 81' lang='lat' dir='ltr'><strong>Quia·</strong></span> 
     </span>
     <span class='ocr_line' id='line_1_20' title="bbox 26 3195 1164 3280; baseline -0.002 -23"><span class='ocrx_word' id='word_1_147' title='bbox 26 3198 119 3257; x_wconf 82' lang='lat' dir='ltr'><strong>tilisni</strong></span> <span class='ocrx_word' id='word_1_148' title='bbox 155 3199 418 3273; x_wconf 79' lang='lat' dir='ltr'><strong>interpretationem</strong></span> <span class='ocrx_word' id='word_1_149' title='bbox 451 3198 604 3257; x_wconf 80' lang='lat' dir='ltr'><strong>verborum</strong></span> <span class='ocrx_word' id='word_1_150' title='bbox 639 3195 750 3259; x_wconf 84' lang='lat' dir='ltr'><strong>(iassiir</strong></span> <span class='ocrx_word' id='word_1_151' title='bbox 787 3198 921 3280; x_wconf 84' lang='lat' dir='ltr'><strong>qaid-</strong></span> <span class='ocrx_word' id='word_1_152' title='bbox 944 3200 1104 3258; x_wconf 75' lang='lat' dir='ltr'><strong>invasere:</strong></span> <span class='ocrx_word' id='word_1_153' title='bbox 1140 3195 1164 3256; x_wconf 83' lang='lat' dir='ltr'><strong>tt</strong></span> 
     </span>
     <span class='ocr_line' id='line_1_21' title="bbox 26 3280 1164 3360; baseline 0 -19"><span class='ocrx_word' id='word_1_154' title='bbox 26 3283 104 3358; x_wconf 80' lang='lat' dir='ltr'><strong>qarod</strong></span> <span class='ocrx_word' id='word_1_155' title='bbox 134 3285 206 3343; x_wconf 83' lang='lat' dir='ltr'><strong>satis</strong></span> <span class='ocrx_word' id='word_1_156' title='bbox 231 3283 369 3343; x_wconf 86' lang='lat' dir='ltr'><strong>declarari</strong></span> <span class='ocrx_word' id='word_1_157' title='bbox 395 3284 434 3342; x_wconf 88' lang='lat' dir='ltr'><strong>ait</strong></span> <span class='ocrx_word' id='word_1_158' title='bbox 463 3303 495 3343; x_wconf 81' lang='lat' dir='ltr'><strong>v.</strong></span> <span class='ocrx_word' id='word_1_159' title='bbox 516 3280 571 3345; x_wconf 78' lang='lat' dir='ltr'><strong>loc</strong></span> <span class='ocrx_word' id='word_1_160' title='bbox 590 3298 643 3344; x_wconf 83' lang='lat' dir='ltr'><strong>ast.</strong></span> <span class='ocrx_word' id='word_1_161' title='bbox 694 3284 808 3344; x_wconf 83' lang='lat' dir='ltr'><strong>Deinde</strong></span> <span class='ocrx_word' id='word_1_162' title='bbox 829 3307 857 3345; x_wconf 84' lang='lat' dir='ltr'><strong>v.</strong></span> <span class='ocrx_word' id='word_1_163' title='bbox 879 3286 1011 3358; x_wconf 73' lang='lat' dir='ltr'><strong>nescire,</strong></span> <span class='ocrx_word' id='word_1_164' title='bbox 1040 3283 1164 3360; x_wconf 80' lang='lat' dir='ltr'><strong>quadiu</strong></span> 
     </span>
     <span class='ocr_line' id='line_1_22' title="bbox 26 3367 1175 3451; baseline -0.001 -23"><span class='ocrx_word' id='word_1_165' title='bbox 26 3367 126 3428; x_wconf 85' lang='lat' dir='ltr'><strong>Turic.</strong></span> <span class='ocrx_word' id='word_1_166' title='bbox 149 3368 229 3429; x_wconf 81' lang='lat' dir='ltr'><strong>Flor.</strong></span> <span class='ocrx_word' id='word_1_167' title='bbox 252 3367 363 3428; x_wconf 85' lang='lat' dir='ltr'><strong>Almel.</strong></span> <span class='ocrx_word' id='word_1_168' title='bbox 392 3367 492 3439; x_wconf 82' lang='lat' dir='ltr'><strong>deest,</strong></span> <span class='ocrx_word' id='word_1_169' title='bbox 526 3372 607 3429; x_wconf 82' lang='lat' dir='ltr'><strong>uncis</strong></span> <span class='ocrx_word' id='word_1_170' title='bbox 637 3370 752 3430; x_wconf 78' lang='lat' dir='ltr'><strong>inclusit</strong></span> <span class='ocrx_word' id='word_1_171' title='bbox 773 3384 803 3430; x_wconf 92' lang='lat' dir='ltr'><strong>et</strong></span> <span class='ocrx_word' id='word_1_172' title='bbox 823 3372 899 3431; x_wconf 85' lang='lat' dir='ltr'><strong>male</strong></span> <span class='ocrx_word' id='word_1_173' title='bbox 920 3370 1051 3430; x_wconf 84' lang='lat' dir='ltr'><strong>additam</strong></span> <span class='ocrx_word' id='word_1_174' title='bbox 1071 3370 1175 3451; x_wconf 64' lang='lat' dir='ltr'><strong>exind,</strong></span> 
     </span>
     <span class='ocr_line' id='line_1_23' title="bbox 26 3450 1166 3533; baseline 0.001 -21"><span class='ocrx_word' id='word_1_175' title='bbox 26 3457 116 3513; x_wconf 77' lang='lat' dir='ltr'><strong>mevit</strong></span> <span class='ocrx_word' id='word_1_176' title='bbox 146 3455 181 3514; x_wconf 81' lang='lat' dir='ltr'><strong>ab</strong></span> <span class='ocrx_word' id='word_1_177' title='bbox 208 3457 272 3527; x_wconf 86' lang='lat' dir='ltr'><strong>eis,</strong></span> <span class='ocrx_word' id='word_1_178' title='bbox 310 3454 413 3529; x_wconf 78' lang='lat' dir='ltr'><strong>quibam</strong></span> <span class='ocrx_word' id='word_1_179' title='bbox 440 3455 587 3515; x_wconf 81' lang='lat' dir='ltr'><strong>rideretur</strong></span> <span class='ocrx_word' id='word_1_180' title='bbox 615 3450 734 3516; x_wconf 82' lang='lat' dir='ltr'><strong>Cassius</strong></span> <span class='ocrx_word' id='word_1_181' title='bbox 761 3458 857 3517; x_wconf 88' lang='lat' dir='ltr'><strong>doceri</strong></span> <span class='ocrx_word' id='word_1_182' title='bbox 879 3477 935 3515; x_wconf 87' lang='lat' dir='ltr'><strong>non</strong></span> <span class='ocrx_word' id='word_1_183' title='bbox 957 3475 1066 3533; x_wconf 83' lang='lat' dir='ltr'><strong>posse,</strong></span> <span class='ocrx_word' id='word_1_184' title='bbox 1094 3451 1166 3531; x_wconf 80' lang='lat' dir='ltr'><strong>quod</strong></span> 
     </span>
     <span class='ocr_line' id='line_1_24' title="bbox 26 3537 1166 3617; baseline 0.002 -20"><span class='ocrx_word' id='word_1_185' title='bbox 26 3542 85 3613; x_wconf 73' lang='lat' dir='ltr'><strong>jam</strong></span> <span class='ocrx_word' id='word_1_186' title='bbox 112 3539 221 3599; x_wconf 82' lang='lat' dir='ltr'><strong>dudum</strong></span> <span class='ocrx_word' id='word_1_187' title='bbox 248 3541 345 3599; x_wconf 86' lang='lat' dir='ltr'><strong>sciret.</strong></span> <span class='ocrx_word' id='word_1_188' title='bbox 403 3537 449 3598; x_wconf 84' lang='lat' dir='ltr'><strong>lta</strong></span> <span class='ocrx_word' id='word_1_189' title='bbox 480 3543 615 3601; x_wconf 84' lang='lat' dir='ltr'><strong>rusticam</strong></span> <span class='ocrx_word' id='word_1_190' title='bbox 647 3538 710 3601; x_wconf 87' lang='lat' dir='ltr'><strong>lieri</strong></span> <span class='ocrx_word' id='word_1_191' title='bbox 742 3542 811 3602; x_wconf 86' lang='lat' dir='ltr'><strong>dicit</strong></span> <span class='ocrx_word' id='word_1_192' title='bbox 839 3542 1063 3617; x_wconf 77' lang='lat' dir='ltr'><strong>contramolism,</strong></span> <span class='ocrx_word' id='word_1_193' title='bbox 1098 3558 1166 3616; x_wconf 81' lang='lat' dir='ltr'><strong>qnae</strong></span> 
     </span>
     <span class='ocr_line' id='line_1_25' title="bbox 25 3621 1167 3701; baseline -0.002 -16"><span class='ocrx_word' id='word_1_194' title='bbox 25 3627 116 3686; x_wconf 74' lang='lat' dir='ltr'><strong>amari</strong></span> <span class='ocrx_word' id='word_1_195' title='bbox 136 3626 205 3701; x_wconf 84' lang='lat' dir='ltr'><strong>qrrid</strong></span> <span class='ocrx_word' id='word_1_196' title='bbox 226 3624 328 3686; x_wconf 84' lang='lat' dir='ltr'><strong>lrabeat</strong></span> <span class='ocrx_word' id='word_1_197' title='bbox 348 3636 377 3685; x_wconf 91' lang='lat' dir='ltr'><strong>et</strong></span> <span class='ocrx_word' id='word_1_198' title='bbox 397 3629 482 3700; x_wconf 86' lang='lat' dir='ltr'><strong>tecti,</strong></span> <span class='ocrx_word' id='word_1_199' title='bbox 514 3628 539 3686; x_wconf 89' lang='lat' dir='ltr'><strong>si</strong></span> <span class='ocrx_word' id='word_1_200' title='bbox 563 3621 682 3686; x_wconf 82' lang='lat' dir='ltr'><strong>Cassius</strong></span> <span class='ocrx_word' id='word_1_201' title='bbox 700 3627 810 3688; x_wconf 83' lang='lat' dir='ltr'><strong>dicatur</strong></span> <span class='ocrx_word' id='word_1_202' title='bbox 830 3628 926 3688; x_wconf 88' lang='lat' dir='ltr'><strong>doceri</strong></span> <span class='ocrx_word' id='word_1_203' title='bbox 946 3626 978 3686; x_wconf 85' lang='lat' dir='ltr'><strong>id</strong></span> <span class='ocrx_word' id='word_1_204' title='bbox 999 3627 1098 3687; x_wconf 76' lang='lat' dir='ltr'><strong>tacere</strong></span> <span class='ocrx_word' id='word_1_205' title='bbox 1118 3645 1167 3686; x_wconf 82' lang='lat' dir='ltr'><strong>nro</strong></span> 
     </span>
     <span class='ocr_line' id='line_1_26' title="bbox 26 3711 1166 3788; baseline -0.001 -18"><span class='ocrx_word' id='word_1_206' title='bbox 26 3712 105 3788; x_wconf 85' lang='lat' dir='ltr'><strong>jure,</strong></span> <span class='ocrx_word' id='word_1_207' title='bbox 143 3711 220 3787; x_wconf 85' lang='lat' dir='ltr'><strong>quod</strong></span> <span class='ocrx_word' id='word_1_208' title='bbox 251 3712 343 3771; x_wconf 85' lang='lat' dir='ltr'><strong>soleat</strong></span> <span class='ocrx_word' id='word_1_209' title='bbox 370 3711 546 3787; x_wconf 84' lang='lat' dir='ltr'><strong>maledicus,</strong></span> <span class='ocrx_word' id='word_1_210' title='bbox 582 3711 662 3770; x_wconf 83' lang='lat' dir='ltr'><strong>arrlla</strong></span> <span class='ocrx_word' id='word_1_211' title='bbox 689 3716 944 3788; x_wconf 66' lang='lat' dir='ltr'><strong>acceptabimus,</strong></span> <span class='ocrx_word' id='word_1_212' title='bbox 974 3713 1085 3773; x_wconf 81' lang='lat' dir='ltr'><strong>secere.</strong></span> <span class='ocrx_word' id='word_1_213' title='bbox 1128 3711 1166 3771; x_wconf 79' lang='lat' dir='ltr'><strong>Aa</strong></span> 
     </span>
     <span class='ocr_line' id='line_1_27' title="bbox 26 3797 1165 3876; baseline -0.002 -18"><span class='ocrx_word' id='word_1_214' title='bbox 26 3811 77 3859; x_wconf 76' lang='lat' dir='ltr'><strong>aut</strong></span> <span class='ocrx_word' id='word_1_215' title='bbox 97 3800 215 3876; x_wconf 75' lang='lat' dir='ltr'><strong>egregie</strong></span> <span class='ocrx_word' id='word_1_216' title='bbox 235 3798 324 3857; x_wconf 81' lang='lat' dir='ltr'><strong>fallor</strong></span> <span class='ocrx_word' id='word_1_217' title='bbox 344 3809 392 3856; x_wconf 90' lang='lat' dir='ltr'><strong>aut</strong></span> <span class='ocrx_word' id='word_1_218' title='bbox 413 3817 446 3856; x_wconf 81' lang='lat' dir='ltr'><strong>es</strong></span> <span class='ocrx_word' id='word_1_219' title='bbox 468 3800 582 3872; x_wconf 83' lang='lat' dir='ltr'><strong>omnia,</strong></span> <span class='ocrx_word' id='word_1_220' title='bbox 610 3817 683 3872; x_wconf 75' lang='lat' dir='ltr'><strong>quase</strong></span> <span class='ocrx_word' id='word_1_221' title='bbox 711 3801 815 3859; x_wconf 88' lang='lat' dir='ltr'><strong>litteris</strong></span> <span class='ocrx_word' id='word_1_222' title='bbox 837 3799 961 3873; x_wconf 85' lang='lat' dir='ltr'><strong>obliquis</strong></span> <span class='ocrx_word' id='word_1_223' title='bbox 981 3797 1165 3874; x_wconf 83' lang='lat' dir='ltr'><strong>exprimenda</strong></span> 
     </span>
     <span class='ocr_line' id='line_1_28' title="bbox 25 3880 1167 3963; baseline 0 -20"><span class='ocrx_word' id='word_1_224' title='bbox 25 3886 142 3958; x_wconf 76' lang='lat' dir='ltr'><strong>errari,</strong></span> <span class='ocrx_word' id='word_1_225' title='bbox 174 3883 262 3943; x_wconf 83' lang='lat' dir='ltr'><strong>verbs</strong></span> <span class='ocrx_word' id='word_1_226' title='bbox 290 3880 387 3942; x_wconf 80' lang='lat' dir='ltr'><strong>Cassii</strong></span> <span class='ocrx_word' id='word_1_227' title='bbox 414 3892 480 3941; x_wconf 87' lang='lat' dir='ltr'><strong>suat</strong></span> <span class='ocrx_word' id='word_1_228' title='bbox 508 3883 620 3959; x_wconf 81' lang='lat' dir='ltr'><strong>prolata</strong></span> <span class='ocrx_word' id='word_1_229' title='bbox 650 3883 869 3963; x_wconf 81' lang='lat' dir='ltr'><strong>aQairatiliaua</strong></span> <span class='ocrx_word' id='word_1_230' title='bbox 895 3895 1041 3958; x_wconf 82' lang='lat' dir='ltr'><strong>tamqrram</strong></span> <span class='ocrx_word' id='word_1_231' title='bbox 1063 3887 1167 3943; x_wconf 72' lang='lat' dir='ltr'><strong>viriam</strong></span> 
     </span>
     <span class='ocr_line' id='line_1_29' title="bbox 25 3966 1166 4046; baseline -0.004 -15"><span class='ocrx_word' id='word_1_232' title='bbox 25 3970 60 4045; x_wconf 74' lang='lat' dir='ltr'><strong>(i.</strong></span> <span class='ocrx_word' id='word_1_233' title='bbox 80 3974 146 4039; x_wconf 83' lang='grc'><strong>87.)</strong></span> <span class='ocrx_word' id='word_1_234' title='bbox 167 3989 280 4046; x_wconf 73' lang='lat' dir='ltr'><strong>genus,</strong></span> <span class='ocrx_word' id='word_1_235' title='bbox 316 3970 346 4025; x_wconf 89' lang='lat' dir='ltr'><strong>in</strong></span> <span class='ocrx_word' id='word_1_236' title='bbox 373 3989 430 4042; x_wconf 84' lang='lat' dir='ltr'><strong>qrro</strong></span> <span class='ocrx_word' id='word_1_237' title='bbox 458 3988 584 4028; x_wconf 87' lang='lat' dir='ltr'><strong>amamm</strong></span> <span class='ocrx_word' id='word_1_238' title='bbox 614 3971 748 4044; x_wconf 85' lang='lat' dir='ltr'><strong>qrriddam</strong></span> <span class='ocrx_word' id='word_1_239' title='bbox 769 3974 818 4032; x_wconf 86' lang='lat' dir='ltr'><strong>sit.</strong></span> <span class='ocrx_word' id='word_1_240' title='bbox 870 3967 1004 4029; x_wconf 82' lang='lat' dir='ltr'><strong>Cassium</strong></span> <span class='ocrx_word' id='word_1_241' title='bbox 1026 3966 1166 4030; x_wconf 75' lang='lat' dir='ltr'><strong>Severum</strong></span> 
     </span>
     <span class='ocr_line' id='line_1_30' title="bbox 25 4052 1166 4129; baseline 0 -14"><span class='ocrx_word' id='word_1_242' title='bbox 25 4066 169 4115; x_wconf 74' lang='lat' dir='ltr'><strong>murem</strong></span> <span class='ocrx_word' id='word_1_243' title='bbox 198 4054 269 4115; x_wconf 87' lang='lat' dir='ltr'><strong>olim</strong></span> <span class='ocrx_word' id='word_1_244' title='bbox 298 4052 428 4129; x_wconf 77' lang='lat' dir='ltr'><strong>litigasse</strong></span> <span class='ocrx_word' id='word_1_245' title='bbox 454 4055 587 4128; x_wconf 86' lang='lat' dir='ltr'><strong>suspicor</strong></span> <span class='ocrx_word' id='word_1_246' title='bbox 614 4075 678 4114; x_wconf 77' lang='lat' dir='ltr'><strong>urm</strong></span> <span class='ocrx_word' id='word_1_247' title='bbox 707 4066 803 4117; x_wconf 87' lang='lat' dir='ltr'><strong>actare</strong></span> <span class='ocrx_word' id='word_1_248' title='bbox 834 4055 936 4115; x_wconf 84' lang='lat' dir='ltr'><strong>acerba</strong></span> <span class='ocrx_word' id='word_1_249' title='bbox 964 4064 996 4115; x_wconf 84' lang='lat' dir='ltr'><strong>et</strong></span> <span class='ocrx_word' id='word_1_250' title='bbox 1016 4055 1166 4127; x_wconf 81' lang='lat' dir='ltr'><strong>mordace3</strong></span> 
     </span>
     <span class='ocr_line' id='line_1_31' title="bbox 24 4138 1165 4223; baseline -0.003 -22"><span class='ocrx_word' id='word_1_251' title='bbox 24 4140 76 4201; x_wconf 71' lang='lat' dir='ltr'><strong>uri</strong></span> <span class='ocrx_word' id='word_1_252' title='bbox 91 4140 181 4203; x_wconf 76' lang='lat' dir='ltr'><strong>iratus</strong></span> <span class='ocrx_word' id='word_1_253' title='bbox 202 4159 267 4201; x_wconf 79' lang='lat' dir='ltr'><strong>cum</strong></span> <span class='ocrx_word' id='word_1_254' title='bbox 285 4138 407 4199; x_wconf 70' lang='lat' dir='ltr'><strong>duret:</strong></span> <span class='ocrx_word' id='word_1_255' title='bbox 447 4138 530 4223; x_wconf 77' lang='lat' dir='ltr'><strong>(laid</strong></span> <span class='ocrx_word' id='word_1_256' title='bbox 540 4140 666 4222; x_wconf 76' lang='lat' dir='ltr'><strong>fociae,</strong></span> <span class='ocrx_word' id='word_1_257' title='bbox 693 4162 759 4202; x_wconf 77' lang='lat' dir='ltr'><strong>cam</strong></span> <span class='ocrx_word' id='word_1_258' title='bbox 781 4145 815 4201; x_wconf 78' lang='lat' dir='ltr'><strong>irs</strong></span> <span class='ocrx_word' id='word_1_259' title='bbox 834 4138 913 4201; x_wconf 77' lang='lat' dir='ltr'><strong>borsa</strong></span> <span class='ocrx_word' id='word_1_260' title='bbox 933 4154 987 4200; x_wconf 80' lang='lat' dir='ltr'><strong>tara</strong></span> <span class='ocrx_word' id='word_1_261' title='bbox 1007 4143 1165 4201; x_wconf 58' lang='lat' dir='ltr'><strong>mrum?</strong></span> 
     </span>
     <span class='ocr_line' id='line_1_32' title="bbox 23 4218 1167 4303; baseline -0.002 -18"><span class='ocrx_word' id='word_1_262' title='bbox 23 4218 129 4285; x_wconf 72' lang='lat' dir='ltr'><strong>brun</strong></span> <span class='ocrx_word' id='word_1_263' title='bbox 154 4226 288 4303; x_wconf 64' lang='lat' dir='ltr'><strong>ambigere</strong></span> <span class='ocrx_word' id='word_1_264' title='bbox 314 4224 454 4284; x_wconf 84' lang='lat' dir='ltr'><strong>dictorum</strong></span> <span class='ocrx_word' id='word_1_265' title='bbox 481 4227 742 4301; x_wconf 79' lang='lat' dir='ltr'><strong>interpretationem</strong></span> <span class='ocrx_word' id='word_1_266' title='bbox 771 4235 972 4288; x_wconf 72' lang='lat' dir='ltr'><strong>cosmocrat</strong></span> <span class='ocrx_word' id='word_1_267' title='bbox 992 4227 1059 4302; x_wconf 80' lang='lat' dir='ltr'><strong>ipse</strong></span> <span class='ocrx_word' id='word_1_268' title='bbox 1080 4227 1167 4300; x_wconf 76' lang='lat' dir='ltr'><strong>subii·</strong></span> 
     </span>
     <span class='ocr_line' id='line_1_33' title="bbox 24 4308 1165 4373; baseline -0.001 -2"><span class='ocrx_word' id='word_1_269' title='bbox 24 4318 113 4371; x_wconf 69' lang='lat' dir='ltr'><strong>suet.</strong></span> <span class='ocrx_word' id='word_1_270' title='bbox 162 4308 282 4373; x_wconf 73' lang='lat' dir='ltr'><strong>Actoris</strong></span> <span class='ocrx_word' id='word_1_271' title='bbox 305 4311 391 4371; x_wconf 79' lang='lat' dir='ltr'><strong>istius</strong></span> <span class='ocrx_word' id='word_1_272' title='bbox 417 4310 508 4371; x_wconf 83' lang='lat' dir='ltr'><strong>velati</strong></span> <span class='ocrx_word' id='word_1_273' title='bbox 537 4312 609 4370; x_wconf 84' lang='lat' dir='ltr'><strong>bona</strong></span> <span class='ocrx_word' id='word_1_274' title='bbox 639 4325 719 4372; x_wconf 84' lang='lat' dir='ltr'><strong>eraut</strong></span> <span class='ocrx_word' id='word_1_275' title='bbox 742 4315 882 4373; x_wconf 81' lang='lat' dir='ltr'><strong>acerbitas</strong></span> <span class='ocrx_word' id='word_1_276' title='bbox 905 4322 935 4373; x_wconf 87' lang='lat' dir='ltr'><strong>et</strong></span> <span class='ocrx_word' id='word_1_277' title='bbox 956 4312 1165 4373; x_wconf 76' lang='lat' dir='ltr'><strong>maledicentia.</strong></span> 
     </span>
     <span class='ocr_line' id='line_1_34' title="bbox 22 4382 1166 4475; baseline 0.003 -22"><span class='ocrx_word' id='word_1_278' title='bbox 22 4382 101 4461; x_wconf 66' lang='lat' dir='ltr'><strong>h,</strong></span> <span class='ocrx_word' id='word_1_279' title='bbox 118 4394 152 4455; x_wconf 76' lang='lat' dir='ltr'><strong>ln</strong></span> <span class='ocrx_word' id='word_1_280' title='bbox 177 4392 250 4457; x_wconf 80' lang='lat' dir='ltr'><strong>baec</strong></span> <span class='ocrx_word' id='word_1_281' title='bbox 277 4396 351 4455; x_wconf 83' lang='lat' dir='ltr'><strong>bons</strong></span> <span class='ocrx_word' id='word_1_282' title='bbox 371 4397 523 4457; x_wconf 68' lang='lat' dir='ltr'><strong>messurus</strong></span> <span class='ocrx_word' id='word_1_283' title='bbox 548 4410 611 4457; x_wconf 87' lang='lat' dir='ltr'><strong>erat</strong></span> <span class='ocrx_word' id='word_1_284' title='bbox 632 4396 772 4475; x_wconf 77' lang='lat' dir='ltr'><strong>cassim,</strong></span> <span class='ocrx_word' id='word_1_285' title='bbox 802 4420 868 4459; x_wconf 83' lang='lat' dir='ltr'><strong>cam</strong></span> <span class='ocrx_word' id='word_1_286' title='bbox 889 4417 941 4457; x_wconf 86' lang='lat' dir='ltr'><strong>sua</strong></span> <span class='ocrx_word' id='word_1_287' title='bbox 963 4399 1058 4475; x_wconf 84' lang='lat' dir='ltr'><strong>ipsius</strong></span> <span class='ocrx_word' id='word_1_288' title='bbox 1079 4398 1166 4457; x_wconf 77' lang='lat' dir='ltr'><strong>uale-</strong></span> 
     </span>
     <span class='ocr_line' id='line_1_35' title="bbox 23 4472 1166 4561; baseline -0.001 -16"><span class='ocrx_word' id='word_1_289' title='bbox 23 4472 254 4545; x_wconf 61' lang='lat' dir='ltr'><strong>&amp;ath-‘arun</strong></span> <span class='ocrx_word' id='word_1_290' title='bbox 273 4480 406 4557; x_wconf 79' lang='lat' dir='ltr'><strong>doceret,</strong></span> <span class='ocrx_word' id='word_1_291' title='bbox 433 4501 500 4543; x_wconf 83' lang='lat' dir='ltr'><strong>cunr</strong></span> <span class='ocrx_word' id='word_1_292' title='bbox 520 4484 646 4543; x_wconf 85' lang='lat' dir='ltr'><strong>nondum</strong></span> <span class='ocrx_word' id='word_1_293' title='bbox 667 4487 759 4557; x_wconf 87' lang='lat' dir='ltr'><strong>scire,</strong></span> <span class='ocrx_word' id='word_1_294' title='bbox 792 4483 862 4561; x_wconf 83' lang='lat' dir='ltr'><strong>quid</strong></span> <span class='ocrx_word' id='word_1_295' title='bbox 883 4492 961 4543; x_wconf 87' lang='lat' dir='ltr'><strong>esset</strong></span> <span class='ocrx_word' id='word_1_296' title='bbox 980 4482 1166 4544; x_wconf 75' lang='lat' dir='ltr'><strong>maledicere·</strong></span> 
     </span>
     <span class='ocr_line' id='line_1_36' title="bbox 22 4552 1167 4647; baseline -0.002 -18"><span class='ocrx_word' id='word_1_297' title='bbox 22 4552 154 4629; x_wconf 62' lang='lat' dir='ltr'><strong>Mt·</strong></span> <span class='ocrx_word' id='word_1_298' title='bbox 179 4564 230 4625; x_wconf 80' lang='lat' dir='ltr'><strong>tut</strong></span> <span class='ocrx_word' id='word_1_299' title='bbox 251 4564 404 4627; x_wconf 82' lang='lat' dir='ltr'><strong>maledicta</strong></span> <span class='ocrx_word' id='word_1_300' title='bbox 432 4564 680 4629; x_wconf 80' lang='lat' dir='ltr'><strong>vehementissima</strong></span> <span class='ocrx_word' id='word_1_301' title='bbox 702 4583 731 4629; x_wconf 91' lang='lat' dir='ltr'><strong>et</strong></span> <span class='ocrx_word' id='word_1_302' title='bbox 751 4581 824 4630; x_wconf 88' lang='lat' dir='ltr'><strong>tecte</strong></span> <span class='ocrx_word' id='word_1_303' title='bbox 844 4567 1003 4647; x_wconf 77' lang='lat' dir='ltr'><strong>siguificat,</strong></span> <span class='ocrx_word' id='word_1_304' title='bbox 1035 4588 1070 4628; x_wconf 83' lang='lat' dir='ltr'><strong>se</strong></span> <span class='ocrx_word' id='word_1_305' title='bbox 1090 4568 1167 4627; x_wconf 79' lang='lat' dir='ltr'><strong>mala</strong></span> 
     </span>
     <span class='ocr_line' id='line_1_37' title="bbox 22 4640 1167 4728; baseline 0.007 -21"><span class='ocrx_word' id='word_1_306' title='bbox 22 4640 134 4707; x_wconf 71' lang='lat' dir='ltr'><strong>danti</strong></span> <span class='ocrx_word' id='word_1_307' title='bbox 146 4648 282 4709; x_wconf 69' lang='lat' dir='ltr'><strong>emtore</strong></span> <span class='ocrx_word' id='word_1_308' title='bbox 300 4651 388 4728; x_wconf 75' lang='lat' dir='ltr'><strong>longe</strong></span> <span class='ocrx_word' id='word_1_309' title='bbox 407 4656 585 4728; x_wconf 83' lang='lat' dir='ltr'><strong>superiorem</strong></span> <span class='ocrx_word' id='word_1_310' title='bbox 606 4675 682 4715; x_wconf 86' lang='lat' dir='ltr'><strong>esse.</strong></span> <span class='ocrx_word' id='word_1_311' title='bbox 725 4652 859 4714; x_wconf 84' lang='lat' dir='ltr'><strong>Verbum</strong></span> <span class='ocrx_word' id='word_1_312' title='bbox 878 4657 994 4714; x_wconf 66' lang='lat' dir='ltr'><strong>aeacus</strong></span> <span class='ocrx_word' id='word_1_313' title='bbox 1012 4654 1094 4715; x_wconf 78' lang='lat' dir='ltr'><strong>salve</strong></span> <span class='ocrx_word' id='word_1_314' title='bbox 1109 4654 1167 4715; x_wconf 80' lang='lat' dir='ltr'><strong>laci</strong></span> 
     </span>
     <span class='ocr_line' id='line_1_38' title="bbox 22 4732 1168 4818; baseline -0.003 -15"><span class='ocrx_word' id='word_1_315' title='bbox 22 4735 165 4803; x_wconf 59' lang='lat' dir='ltr'><strong>..Mill</strong></span> <span class='ocrx_word' id='word_1_316' title='bbox 190 4732 292 4795; x_wconf 64' lang='grc' dir='ltr'><strong>1130Ιο</strong></span> <span class='ocrx_word' id='word_1_317' title='bbox 319 4756 423 4815; x_wconf 74' lang='lat' dir='ltr'><strong>poue,</strong></span> <span class='ocrx_word' id='word_1_318' title='bbox 458 4740 530 4801; x_wconf 78' lang='lat' dir='ltr'><strong>vidit</strong></span> <span class='ocrx_word' id='word_1_319' title='bbox 562 4744 622 4816; x_wconf 79' lang='lat' dir='ltr'><strong>jem</strong></span> <span class='ocrx_word' id='word_1_320' title='bbox 649 4738 854 4818; x_wconf 75' lang='lat' dir='ltr'><strong>Spalrlingius,</strong></span> <span class='ocrx_word' id='word_1_321' title='bbox 892 4751 921 4799; x_wconf 87' lang='lat' dir='ltr'><strong>et</strong></span> <span class='ocrx_word' id='word_1_322' title='bbox 948 4737 1024 4799; x_wconf 84' lang='lat' dir='ltr'><strong>milri</strong></span> <span class='ocrx_word' id='word_1_323' title='bbox 1053 4758 1168 4817; x_wconf 74' lang='grc' dir='ltr'>φκκιιο</span> 
     </span>
     <span class='ocr_line' id='line_1_39' title="bbox 22 4804 1167 4901; baseline 0.006 -21"><span class='ocrx_word' id='word_1_324' title='bbox 22 4804 142 4881; x_wconf 68' lang='lat' dir='ltr'><strong>liutius</strong></span> <span class='ocrx_word' id='word_1_325' title='bbox 168 4816 279 4881; x_wconf 73' lang='lat' dir='ltr'><strong>tutus</strong></span> <span class='ocrx_word' id='word_1_326' title='bbox 304 4820 435 4883; x_wconf 73' lang='lat' dir='ltr'><strong>ridetur:</strong></span> <span class='ocrx_word' id='word_1_327' title='bbox 469 4824 738 4889; x_wconf 74' lang='lat' dir='ltr'><strong>enarradarum</strong></span> <span class='ocrx_word' id='word_1_328' title='bbox 765 4823 961 4901; x_wconf 70' lang='lat' dir='ltr'><strong>maledicere,</strong></span> <span class='ocrx_word' id='word_1_329' title='bbox 993 4822 1027 4889; x_wconf 79' lang='lat' dir='ltr'><strong>b·</strong></span> <span class='ocrx_word' id='word_1_330' title='bbox 1050 4845 1079 4889; x_wconf 80' lang='lat' dir='ltr'><strong>c.</strong></span> <span class='ocrx_word' id='word_1_331' title='bbox 1102 4844 1167 4887; x_wconf 79' lang='lat' dir='ltr'><strong>san</strong></span> 
     </span>
    </p>
   </div>
   <div class='ocr_carea' id='block_1_4' title="bbox 0 0 1341 5294">
    <p class='ocr_par' dir='ltr' id='par_1_4' title="bbox 0 0 1341 5294">
     <span class='ocr_line' id='line_1_40' title="bbox 0 0 1341 5294; baseline 0 0"><span class='ocrx_word' id='word_1_332' title='bbox 0 0 1341 5294; x_wconf 95' lang='lat' dir='ltr'><strong> </strong></span> 
     </span>
    </p>
   </div>
  </div>
 </body>
</html>
