2670 5294
152 712 223 785 178
498 732 547 781 os
574 729 711 781 cassio
738 724 959 780 cannensi.

148 900 280 973 Horat.
294 894 417 994 Epod.
440 894 516 988 vl,
544 892 624 968 Sat.
643 893 675 965 1.
696 894 756 967 10.
783 918 821 967 v.
838 884 912 986 6'2,
937 888 1058 991 Epist.
1073 892 1106 969 1.
1123 893 1163 967 4.
1190 896 1286 986 v-d,

148 1013 502 1093 Jo.}1ar‹luinusin
527 984 623 1087 luds
637 1012 752 1087 Anat.
778 1010 1001 1086 Plin.Tom.
1013 1011 1064 1087 X.
1086 1039 1127 1112 p.
1139 1015 1228 1086 288.
1236 1038 1287 1110 sq.

149 1135 237 1229 az„
263 1134 347 1228 alii,
373 1156 538 1231 quaerum
563 1153 713 1206 errores
736 1130 801 1205 bic
816 1153 943 1229 neque
958 1128 1124 1225 referre,
1151 1133 1288 1206 nedmn

149 1254 344 1354 exagitare
382 1244 521 1349 operae
552 1250 648 1325 mihi
681 1249 768 1326 erit.
833 1250 953 1343 Quid,
996 1252 1101 1347 quod
1135 1251 1220 1350 ipse
1249 1250 1287 1323 P.

148 1373 324 1468 Baylius,
350 1369 419 1468 ‹pri
444 1392 531 1443 eam
555 1394 640 1444 rem
664 1368 705 1442 in
730 1370 894 1445 Diotion.
918 1370 971 1443 Τ.
989 1368 1040 1443 Π.
1066 1394 1106 1468 p.
1127 1371 1189 1445 74.
1209 1394 1286 1468 sqq.

148 1490 205 1565 uti
229 1488 438 1589 copiosius,
463 1488 518 1563 ita
542 1488 701 1564 caeteris
716 1487 928 1588 diligentius
943 1512 1100 1586 quoque
1113 1496 1288 1564 tractasse

149 1608 221 1685 sibi
245 1607 351 1684 visus
376 1616 455 1702 est,
481 1615 631 1682 tantrun
656 1607 764 1683 abest
787 1614 832 1681 ut
849 1630 1004 1713 omnem
1026 1608 1288 1683 obsonitatem

149 1728 497 1826 dubitationemque
511 1727 725 1833 nutrierit,
750 1733 795 1800 ut
811 1732 941 1801 contm
956 1726 1172 1823 protulerit,
1199 1750 1290 1826 qsrae

149 1870 201 1922 ex
237 1869 337 1923 vano
374 1846 509 1921 hausta
551 1869 636 1921 esse
669 1844 915 1919 manifestam
954 1850 1030 1938 est,
1072 1846 1133 1919 uti
1167 1847 1290 1921 ‹loeun

149 1964 254 2065 Scip.
287 1961 461 2066 Maffcjus
493 1965 534 2039 in
566 1964 718 2040 Verona
749 1962 938 2038 lllnstrata
972 1962 1136 2061 (Veron.
1165 1966 1290 2060 1781.)

149 2086 245 2159 Part.
261 2084 313 2159 Π.
338 2111 378 2183 p.
398 2084 461 2158 29.
479 2110 583 2183 sqq„
616 2080 726 2186 crrjus
751 2084 976 2183 perdoctam
1000 2082 1290 2181 disputationem

148 2203 271 2304 patrio
295 2202 486 2277 redditam
511 2226 686 2277 sermone
711 2226 801 2279 cum
825 2202 1133 2278 adnotationibus
1152 2226 1291 2303 propo-

148 2322 225 2413 suit
257 2318 469 2394 Kordesius
503 2323 553 2394 ad
584 2320 813 2396 Eberhardti
834 2320 955 2398 Sueci
984 2322 1071 2395 libr.
1105 2322 1230 2395 Ueber
1253 2324 1291 2397 d.

149 2441 329 2514 Zuatund
362 2440 402 2514 d.
437 2441 571 2516 seledo.
599 2438 942 2540 Wisaenscbaflen
975 2440 1010 2514 b.
1038 2441 1077 2515 d.
1103 2442 1290 2515 Rdmm.

148 2560 263 2652 §.dt
289 2586 328 2658 p.
349 2559 435 2633 191.
453 2585 539 2658 sqq.
598 2560 745 2635 Verum
778 2568 906 2637 tamen
930 2556 1105 2660 Maffejns
1139 2585 1293 2659 quorpro

147 2679 330 2753 nonnulla
372 2679 538 2776 scripsit,
581 2703 680 2778 qrrae
719 2679 879 2754 minime
923 2678 1038 2754 iidem
1077 2688 1295 2755 mereantur

149 2820 357 2895 omnesque
382 2796 546 2872 habeant
570 2797 931 2896 verisimilitudinis,
957 2800 1100 2874 nedrun
1125 2800 1294 2875 veritatis

148 2940 343 2996 numeros.

249 3035 358 3133 erae
391 3060 478 3111 cnm
511 3036 563 3112 ita
595 3037 688 3132 sint,
726 3062 973 3137 nequaqnam
1005 3060 1070 3111 me
1095 3060 1188 3111 eum
1215 3060 1295 3113 esse

148 3154 333 3247 arbitror,
373 3155 441 3253 qni
465 3180 571 3250 rem,
607 3158 650 3230 in
685 3183 761 3256 (pra
787 3160 891 3258 ipsos
915 3166 1067 3234 veteres
1093 3157 1295 3256 scriptores

146 3273 210 3349 vel
241 3271 449 3348 haesitasse
480 3275 541 3349 vei
581 3300 727 3352 errasse
769 3278 1119 3377 deprehendemus,
1160 3298 1185 3349 a
1219 3300 1294 3368 me,

147 3392 314 3466 discsse
332 3393 437 3466 omni
456 3395 689 3470 obscuritate
697 3449 711 3487 ,
738 3398 787 3471 ad
803 3396 990 3495 lirpridum
1006 3393 1167 3494 perduci
1186 3418 1296 3493 posse

147 3532 310 3607 sperem.
361 3511 463 3585 Illud
489 3520 618 3588 tamen
635 3515 707 3590 hac
722 3517 762 3588 in
783 3515 987 3614 scriptione
1004 3537 1163 3613 operam
1183 3515 1295 3606 dabo,

145 3634 207 3721 ut,
240 3652 339 3725 quae
371 3626 451 3729 jam
476 3632 605 3706 subtili
630 3634 793 3708 aliorum
818 3633 1106 3734 investigatione
1132 3632 1296 3735 cognovi

144 3746 339 3822 verimime
365 3748 554 3849 disputata
580 3746 682 3847 esse,
707 3754 916 3828 rationibus
933 3755 1060 3827 denuo
1087 3777 1180 3827 erun
1207 3775 1296 3827 cura

145 3866 363 3959 subductis,
408 3869 592 3967 recipiam
625 3879 683 3965 et,
721 3896 821 3971 quae
848 3878 1015 3964 exstant,
1050 3871 1295 3969 entitprorrun

144 3985 369 4082 scriptorum
394 3988 617 4062 testimoniis
643 3990 757 4088 plene
782 3999 822 4064 et
850 4014 938 4065 cum
962 3988 1039 4064 tide
1065 3988 1296 4063 examinatis

143 4102 326 4199 efficiam,
358 4130 409 4180 ne
434 4106 528 4204 quid
552 4106 593 4183 in
616 4116 818 4207 posterum
845 4112 895 4182 de
922 4105 1060 4205 Caesio
1086 4103 1300 4183 Panormi

143 4220 289 4296 ‹licanrr
321 4225 386 4301 vel
415 4226 624 4322 scribatru,
657 4228 758 4325 qarod
795 4228 901 4303 omni
926 4225 1212 4326 probabilitatis
1235 4248 1296 4301 ra-

143 4335 247 4413 tione
270 4346 309 4415 et
334 4345 664 4421 commendatione
690 4347 910 4421 uestinum
938 4346 998 4420 sit.

663 4559 695 4639 §.
725 4552 762 4624 2.

170 4730 173 4735 ·
241 4692 345 4772 Gens
369 4697 630 4777 Romanorum
657 4700 783 4777 Cassia
808 4703 852 4777 in
879 4703 972 4777 diras
998 4703 1121 4780 divisa
1145 4702 1224 4781 fuit
1238 4700 1292 4777 fa-

91 4858 96 4867 ·
135 4809 279 4907 milies,
312 4821 358 4889 ut
383 4816 515 4892 docuit
538 4820 646 4897 Fulv.
667 4818 826 4896 Ursinus
867 4822 908 4896 in
934 4822 1107 4899 Familiis
1131 4824 1290 4900 Roman·
