2670 5294
154 684 232 760 310
510 708 560 757 ns
587 703 724 757 cassio
750 704 972 757 rsnunnsr.

158 870 402 969 Lampridius
433 868 475 943 in
514 868 727 943 Commodo
761 890 797 943 c.
825 870 864 942 7.
897 878 1094 943 mernorat
1121 868 1291 963 buccinis

165 991 412 1089 Torquatum
437 986 696 1062 Consularem.

262 1107 389 1201 llaec,
423 1128 523 1203 <prae
554 1128 641 1179 cum
675 1104 902 1204 scriptorum
932 1113 1115 1181 veterrnn
1140 1105 1293 1181 testimo·

159 1226 234 1300 niis
256 1225 414 1299 innixus
439 1232 523 1298 tnm
543 1219 783 1323 conjecturae
807 1224 1018 1322 probabilis
1042 1224 1111 1299 vis
1134 1248 1293 1325 progres-

161 1369 225 1419 sus
257 1344 477 1417 summatim
511 1341 574 1415 hic
608 1342 794 1441 exposui,
837 1339 1012 1441 mejam
1048 1350 1144 1417 ante
1175 1344 1293 1419 multu
1331 1330 1333 1351 ²

160 1486 282 1537 armos
315 1460 357 1534 in
390 1484 477 1535 earn
510 1460 755 1534 deduxenmt
786 1462 1036 1553 sententiam,
1080 1472 1127 1535 nt
1164 1461 1289 1537 'l'beod

160 1578 373 1653 Marcilium
393 1602 478 1653 rem
503 1602 575 1653 scu
598 1578 770 1679 tetigisse
784 1586 982 1678 putarem,
1008 1581 1080 1677 qni
1105 1582 1210 1679 apud
1232 1580 1292 1655 llo·

161 1697 303 1771 ratium
331 1698 372 1773 G.
388 1696 564 1793 Nouium
587 1696 856 1796 Asprenatem
879 1701 1134 1797 Torquatum
1157 1700 1291 1773 invenit.

162 1814 266 1889 llaec
296 1811 513 1915 conjectrun
537 1815 707 1891 breviter
730 1839 820 1890 sane
846 1817 1057 1915 pemeripta
1085 1840 1111 1891 n
1143 1816 1290 1892 blaralio

162 1959 243 2007 non
259 1942 342 2008 erat
358 1936 462 2032 quod
476 1943 554 2007 tam
571 1936 707 2033 supine
720 1930 982 2034 rejicereturs
1000 1936 1184 2029 llacerio,
1208 1934 1292 2009 llis·

162 2052 297 2146 lendo,
329 2053 431 2146 aliis,
465 2077 555 2129 cum
586 2053 629 2127 in
652 2060 817 2151 utroque
841 2053 984 2129 llorstii
1014 2055 1190 2131 carmine
1212 2052 1292 2128 nnl

162 2194 284 2269 panca
318 2171 576 2269 reperiantur,
619 2194 718 2271 quae
747 2172 785 2246 ei
808 2168 1009 2245 mirificam
1036 2174 1122 2248 vim
1148 2182 1187 2249 el
1208 2196 1291 2249 com·

163 2290 449 2363 mendationem
488 2290 700 2365 concilient.
761 2292 818 2365 Ac
842 2290 1011 2388 primum
1036 2292 1201 2389 quidem
1221 2290 1292 2365 sicr

164 2406 259 2505 plex
277 2408 474 2507 Torquati
488 2434 651 2502 nomen,
677 2434 756 2507 qno
779 2409 845 2484 ille
860 2410 909 2483 ab
931 2407 1096 2485 Horatio
1119 2412 1290 2499 salutatu,

165 2550 234 2624 per
266 2524 495 2620 inexspectatis
529 2530 735 2627 quemdam
774 2528 919 2602 dictum
952 2551 1060 2622 esse,
1106 2529 1150 2602 in
1187 2526 1290 2627 aprico

165 2654 237 2719 cst.
290 2647 448 2721 Tidcrat
479 2648 572 2720 illud
604 2645 749 2722 Nonius
773 2671 871 2745 puer
895 2648 944 2721 ab
969 2648 1171 2749 Augruto,
1205 2642 1289 2744 cuju

166 2764 285 2864 gratia
309 2772 350 2839 et
375 2765 539 2840 ancisa
567 2790 670 2839 nnnc
695 2766 757 2841 vir
780 2765 902 2841 factm
928 2768 1145 2868 gaudebat,
1178 2773 1215 2840 et
1234 2762 1289 2837 nri·

165 2884 270 2958 nime
303 2883 461 2957 dubium
494 2891 553 2957 est
585 2884 679 2981 quin
710 2885 805 2958 illud
840 2888 889 2959 ab
924 2884 1128 2979 onnribns,
1175 2884 1286 2983 (μῶυ

165 3004 291 3101 aliqua
316 3026 404 3076 omn
428 3002 593 3103 Angruto
620 3011 660 3075 ct
673 3001 796 3078 Nouio
821 3005 1066 3079 necessitudo
1085 3013 1206 3096 esset,
1228 3026 1285 3076 su·

164 3146 280 3198 mone
305 3121 483 3195 familiari
501 3120 820 3219 frequentaretur.
873 3122 1000 3220 Quare
1018 3123 1202 3197 Horatius
1219 3144 1286 3221 quo

165 3264 240 3339 quo
272 3242 314 3314 in
349 3240 518 3339 Epistola
552 3247 593 3313 et
619 3238 721 3334 Ode,
757 3265 852 3338 <pras
875 3239 997 3315 Nonio
1025 3242 1083 3314 illi
1107 3239 1284 3341 inscripsi,

165 3359 303 3434 blande
337 3359 541 3458 agnomine
566 3359 632 3433 illo
657 3384 749 3433 usus
774 3367 843 3434 est.
894 3361 1043 3434 Deinde
1070 3378 1284 3459 quocumqu

165 3500 267 3552 anno
302 3477 466 3551 Nonium
500 3486 634 3550 natum
660 3502 745 3553 esse
769 3480 967 3577 ponimns,
1009 3478 1051 3552 id
1078 3487 1207 3555 tamen
1228 3498 1286 3553 or·

164 3603 247 3669 tum
272 3604 329 3670 est
352 3604 466 3693 attpre
492 3597 670 3688 evidens,
707 3619 795 3670 eum
820 3596 964 3695 alirprot
988 3598 1098 3671 annis
1125 3600 1287 3673 minum

164 3714 282 3790 fuisse
308 3739 424 3813 quiam
448 3715 659 3789 Horatium.
711 3715 807 3790 Nem
831 3724 876 3788 nt
899 3739 949 3789 nc
965 3740 1194 3817 lugeamus,
1217 3732 1288 3814 quw

167 3857 283 3933 snpra
319 3837 367 3907 de
403 3857 521 3926 amm,
563 3859 640 3931 qno
677 3859 768 3908 eum
800 3859 886 3908 crus
920 3833 1079 3934 fregisse
1111 3830 1290 3912 verisimile

165 3952 236 4045 sit,
271 3953 564 4052 disputavimus,
600 3952 797 4051 utriusque
823 3953 999 4027 carminis
1024 3953 1227 4029 Horatiani
1245 3974 1290 4026 tr·

165 4080 387 4170 gumeutum
420 4071 621 4168 perspicue
657 4073 790 4164 docet,
833 4070 972 4145 Poetae
1012 4073 1199 4149 scribenti
1228 4092 1291 4147 ran

165 4212 249 4264 esse
274 4213 364 4264 cum
389 4189 472 4264 viro
498 4186 651 4288 juvene.
702 4190 837 4264 Plures
861 4197 991 4263 antem
1011 4188 1213 4288 Epistulae
1233 4190 1291 4265 llo·

164 4306 250 4380 ratii
284 4315 466 4383 testatum
499 4307 663 4403 iaciunt,
709 4332 826 4406 quam
867 4316 1022 4406 accepta
1061 4334 1110 4385 sc
1152 4306 1291 4413 jumnfl

165 4422 239 4521 ipsi
271 4424 387 4501 fuerit
419 4429 649 4502 consuetudo
684 4450 774 4501 cum
807 4426 1023 4502 hominibus
1057 4432 1166 4527 spnd
1189 4430 1292 4529 suge

165 4547 267 4615 stum
299 4543 470 4643 gratiosis
504 4553 543 4620 et
576 4570 692 4644 qnam
726 4570 840 4645 saepe
873 4569 919 4620 eo
950 4546 1136 4623 lubenter
1169 4550 1219 4625 ad
1245 4566 1290 4621 eu

164 4659 380 4759 scripserit,
406 4689 484 4739 non
510 4691 588 4764 qno
614 4689 682 4742 eos
708 4666 887 4741 edoceret
911 4665 1056 4741 adeove
1083 4668 1138 4743 de
1162 4660 1290 4745 nulrit
1327 4682 1333 4733 ¹

164 4780 310 4858 urbano
335 4794 615 4880 commoneret,
654 4784 724 4862 sed
747 4792 792 4860 nt
816 4784 889 4861 bac
912 4784 1084 4883 ratione,
1115 4788 1212 4889 qnid
1232 4786 1287 4887 ip!
1325 4790 1333 4859 t
