2670 5294
71 4650 127 4988 i

152 668 229 746 222
411 722 421 730 -
504 692 555 741 os
582 691 718 742 crosso
740 689 961 741 rsumrrsr.

152 865 276 934 essent
301 854 541 931 conomoliis
572 853 614 927 in
639 878 807 929 smnmos
833 879 876 929 ac
901 854 1156 930 nobilissimos
1182 879 1296 953 quos-

152 1001 228 1078 que
243 976 435 1071 bominos,
460 975 603 1074 partim
620 980 726 1048 tauta
744 975 954 1075 composita
968 976 1155 1070 libertate,
1175 1000 1296 1073 quan·

151 1104 231 1171 tam
268 1095 447 1195 suspicax
486 1093 649 1193 Augusti
687 1093 909 1192 Tiberiiquc
950 1096 1155 1193 imperium
1194 1094 1297 1170 ferre

151 1241 231 1292 non
263 1215 456 1314 possetw).
519 1214 573 1287 At
612 1213 731 1287 Cassii
763 1211 916 1288 Etrusci
956 1214 1144 1308 camnine,
1188 1214 1295 1292 inre·

151 1344 263 1411 mista
295 1335 452 1434 (pridem
484 1342 524 1408 et
556 1331 699 1426 futilia,
739 1341 866 1407 tamen
889 1334 1049 1408 innoxia
1073 1341 1115 1408 et
1138 1333 1294 1409 minime

152 1456 285 1533 odiosa
325 1454 409 1552 quis
442 1453 515 1527 sibi
554 1453 781 1551 persuadeat
820 1477 1031 1552 versmrquc
1065 1476 1150 1529 csse
1193 1462 1294 1553 putet

152 1574 315 1650 Senatus
341 1575 493 1647 decreto
519 1573 714 1668 combusta
738 1566 850 1647 esse?
875 1570 1003 1673 Nugae
1019 1572 1195 1672 profecto
1214 1580 1293 1647 smu

152 1692 389 1794 excogitatae
414 1693 495 1767 sive
520 1716 543 1765 a
569 1690 843 1785 Grammatico,
878 1692 945 1790 qui
952 1744 964 1785 ,
995 1692 1169 1792 neglecta
1196 1693 1292 1768 omni

151 1823 367 1912 temporum
392 1812 669 1909 bomimunque
694 1812 863 1904 ratione,
902 1810 1004 1886 hunc
1029 1811 1225 1904 Cassium,
1254 1818 1293 1883 ut

151 1929 230 2034 jam
272 1931 524 2005 Ruhnkenius
567 1937 606 2005 et
649 1929 893 2004 Heindoriius
933 1930 1169 2030 suspicatur,
1213 1954 1292 2006 cum

152 2052 282 2127 Cassio
309 2049 456 2126 Severo
482 2057 635 2123 oratore
662 2047 933 2142 coufimderet,
960 2049 1060 2142 sive,
1089 2046 1195 2148 quo'd
1218 2073 1292 2123 ma-

151 2172 240 2265 b‘m,
267 2194 292 2244 a
316 2169 471 2243 librario
498 2168 651 2267 stupido
677 2175 716 2241 ct
731 2168 834 2242 male
851 2168 998 2242 sedulo.
1048 2167 1183 2266 Neque
1197 2169 1292 2243 enim

44 2306 48 2313 '
151 2288 313 2363 Heleuio
344 2287 486 2362 Acroni
520 2295 601 2360 tam
634 2294 789 2385 turpem
812 2286 1081 2386 imputaverim
1106 2311 1292 2363 errorem:

152 2432 227 2507 qua
262 2407 306 2479 in
339 2406 518 2504 opinione
550 2428 614 2479 mc
651 2404 850 2480 coufirmat
880 2404 1154 2504 Porphyrionis
1180 2430 1227 2481 ea
1250 2407 1293 2479 ‹le

152 2551 196 2602 re
230 2526 433 2600 silentium.
485 2525 676 2598 Mittamus
709 2524 823 2625 igitur
847 2525 950 2597 istud
976 2522 1140 2599 Senatus
1168 2528 1293 2626 ‹iocre-

150 2654 256 2740 tum,
299 2645 404 2743 quod
438 2642 638 2717 confictum
672 2651 729 2717 est
762 2643 811 2715 ab
844 2642 1018 2734 bomine,
1059 2645 1129 2741 qui
1154 2643 1294 2719 Horatii

151 2773 319 2841 mentem
344 2786 388 2837 ac
423 2762 622 2836 consilium
647 2788 725 2836 nou
752 2770 1029 2859 assequeretur.
1081 2764 1295 2837 l'ermiriun

150 2884 283 2983 utisprc
317 2892 397 2974 cst,
441 2881 544 2978 quod
576 2880 754 2954 Horatius
787 2881 854 2955 de‘
870 2881 934 2953 illa
974 2906 1018 2955 re
1051 2880 1204 2955 locutus
1240 2887 1296 2955 est

28 2998 33 3005 ’
151 3012 349 3100 tamquam
373 3002 517 3075 incerta
543 3006 581 3073 et
615 3024 730 3097 (pram
761 2999 878 3074 faudo
903 3009 1054 3073 tautum
1079 3001 1295 3099 accepisset.

153 3121 293 3213 Quidni
318 3144 391 3219 pro
417 3126 520 3193 certo
547 3117 732 3210 affirmat,
760 3119 930 3193 Cassium
949 3116 1154 3192 umanum
1180 3119 1297 3218 capsis

151 3239 333 3337 librisque
359 3260 443 3311 esse
469 3232 718 3311 ambusttun?
752 3236 852 3310 Num
883 3237 974 3310 illud
1003 3237 1297 3323 multisseculis

152 3367 240 3433 aute
254 3356 393 3430 factum
407 3354 485 3457 jam
501 3356 692 3429 exciderat
706 3356 907 3430 homiuum
914 3356 1099 3430 memoria
1115 3356 1297 3455 temporis

153 3477 394 3551 diirnmritate
421 3469 706 3548 oblitteratam?
740 3474 791 3549 Et
817 3500 887 3551 cur
911 3477 1065 3549 taudem
1090 3475 1210 3551 Cassii
1235 3497 1297 3548 ca·

152 3596 270 3670 (lavor
295 3592 543 3685 carminibus,
577 3618 674 3689 (prae
708 3594 773 3668 ille
798 3594 909 3669 vivus
934 3595 1159 3691 scripserat,
1193 3616 1298 3667 eom·

152 3715 306 3789 bustiam
332 3708 418 3789 est?
443 3713 546 3788 llaec
571 3719 608 3787 ct
633 3712 725 3804 alia,
752 3737 851 3811 quae
877 3720 1066 3787 attentum
1090 3709 1207 3811 bujus
1227 3711 1306 3785 loci-

151 3835 335 3909 icctorem
360 3857 587 3932 suspensum
612 3831 925 3932 dubitantemque
960 3839 1116 3905 teneant
1141 3810 1299 3907 uecesse

151 3961 227 4048 est,
261 3976 325 4026 me
359 3953 569 4041 adducunt,
613 3957 673 4043 ut,
710 3952 899 4049 ‹piidquid
927 3952 975 4024 de
1003 3949 1126 4023 Cassii
1149 3947 1298 4023 Etrusci

151 4074 343 4171 sepultura
377 4070 439 4143 hic
472 4070 635 4143 relatum
675 4070 837 4170 legimus
843 4122 856 4162 ,
899 4071 948 4145 ab
981 4068 1139 4142 Horatio
1171 4064 1299 4166 jocoso

151 4190 281 4265 fictum
316 4214 400 4265 esse
433 4189 600 4263 credam.
659 4187 729 4262 cui
762 4188 968 4287 suspicioni
999 4208 1111 4262 meae
1136 4186 1300 4260 mrutmn

151 4309 426 4405 probabilitatis
451 4307 596 4381 accedit
622 4330 675 4382 ex
699 4331 736 4381 r.
763 4308 987 4400 scribut-rs,
1023 4304 1128 4403 quod
1152 4312 1301 4379 tanam

152 4427 259 4501 abest
291 4436 334 4500 ut
369 4428 472 4502 idem
497 4427 546 4501 sit
569 4428 673 4524 quod
697 4427 938 4517 reinbertus,
971 4424 1137 4498 utillud
1162 4424 1300 4499 eedem

153 4565 242 4616 cum
267 4544 441 4619 acumine
465 4554 691 4645 iuurpattuu
716 4569 801 4620 esse
827 4555 981 4644 putem,
1008 4568 1086 4642 quo
1111 4542 1227 4617 Libri
1237 4540 1300 4616 lv.

156 4706 210 4714 ——-
221 4707 364 4716 —.---

238 4784 297 4865 20)
312 4780 356 4845 Ea
369 4783 406 4843 dc
421 4804 454 4845 rs
467 4774 540 4847 inira
554 4789 698 4864 copiosius
716 4790 878 4865 expositum
889 4797 933 4849 cst
948 4788 977 4846 iu
993 4782 1122 4847 Excurs.
1136 4782 1180 4848 11.
