2686 5236
163 598 241 677 sca
505 622 554 672 ns
578 618 715 673 cassio
740 618 965 681 rasurum.

163 786 266 887 quod
293 785 343 861 de
366 804 415 859 eo
439 785 540 859 maie
564 784 838 859 existimemus.
897 783 1096 877 numum
1120 786 1222 863 enim
1243 788 1294 864 ille

163 905 315 983 virtrstis
331 904 605 1004 probitatisque
622 903 840 1004 opinionem
856 899 1007 980 Romae
1023 903 1224 1000 habuerit,
1246 910 1296 983 vel

163 1048 218 1101 ex
243 1049 292 1101 co
317 1022 405 1098 satis
429 1021 669 1122 intelligitur,
695 1022 801 1120 quod
828 1016 911 1120 ejus
934 1021 1163 1123 ingenium,
1196 1028 1298 1101 studia

163 1151 205 1221 et
230 1166 357 1217 mores
381 1138 539 1216 mirilico
558 1163 702 1215 amasse
717 1140 871 1216 videtur
885 1138 1087 1217 llos-atius.
1142 1142 1232 1245 Ejm
1254 1147 1299 1220 rei

164 1262 273 1339 testis
296 1261 436 1335 diserta
460 1260 668 1335 admodum
697 1282 743 1333 ao
772 1258 945 1357 locuples
977 1270 1043 1335 est
1077 1262 1168 1357 ills,
1202 1288 1299 1363 qum
1335 1320 1337 1331 .

163 1403 280 1478 surpra
302 1375 381 1478 jam
405 1376 579 1470 laudavi,
605 1375 714 1452 Libri
730 1376 794 1453 lv.
812 1376 899 1454 Ode
911 1380 1115 1473 semmda,
1141 1383 1192 1459 de
1209 1380 1300 1484 miss

162 1496 387 1574 scribesrdae
400 1494 599 1571 occmione
611 1519 657 1573 ao
668 1495 829 1573 consilio
843 1492 940 1573 haee
950 1499 1299 1577 admonendam

267 1613 407 1690 Caesar
430 1613 643 1715 Augsntns,
672 1616 740 1715 qui
763 1615 853 1690 inde
878 1638 902 1690 s
924 1640 1068 1693 mense
1094 1617 1298 1722 Septembn'

162 1760 201 1813 a·
225 1735 270 1810 U.
297 1731 340 1808 G.
365 1734 454 1808 738.
477 1733 601 1807 Roma
625 1735 762 1809 absens
784 1757 847 1809 res
870 1733 1169 1835 irrGermania,
1193 1738 1299 1816 Gellia
1335 1834 1337 1841 Ι

163 1863 203 1931 et
215 1851 396 1951 Hispania
410 1876 594 1952 prospere
608 1860 889 1951 composuerat,
914 1853 1030 1929 initio
1048 1879 1090 1931 a.
1105 1856 1153 1931 U.
1167 1856 1210 1933 0.
1228 1859 1297 1933 ul.
1335 1860 1337 1867 '

162 1973 328 2051 redium
354 1970 394 2045 in
419 1971 562 2047 Urbem
586 1972 755 2071 parabat.
805 1970 838 2045 A
863 1971 1027 2049 Tiberio
1056 1973 1218 2053 Claudio
1237 1974 1297 2051 ils·

163 2113 261 2165 rone
286 2096 324 2163 et
348 2091 391 2165 Ρ.
417 2089 595 2183 Quintilio
613 2090 713 2167 Varo
738 2089 845 2166 (loss.
869 2088 952 2165 ludi
977 2093 1109 2170 votivi
1133 2120 1207 2194 pro
1228 2092 1296 2194 οἰῶ

162 2210 289 2283 reditu
312 2205 400 2282 sacti
424 2216 533 2303 sunt,
568 2216 610 2284 ut
633 2208 812 2287 discimus
835 2231 890 2285 ex
913 2208 1099 2311 brem-ipt.
1124 2237 1188 2313 ap.
1212 2212 1295 2289 ens

161 2334 287 2403 terum
318 2352 356 2425 p.
382 2326 453 2403 XI.
487 2353 528 2404 n.
554 2332 592 2404 2.
629 2335 668 2403 et
701 2326 886 2404 Orellinm
917 2327 965 2403 N.
991 2328 1090 2406 599.
1150 2331 1293 2409 &mna

163 2445 352 2538 decrevit,
389 2454 433 2520 ut
466 2468 533 2522 ara
563 2446 605 2521 in
635 2446 720 2546 ipsa
747 2446 853 2523 unia
885 2470 961 2545 pro
994 2450 1132 2527 reditu
1154 2452 1292 2553 Augusti

163 2571 450 2642 consecraretin
468 2576 508 2639 et
526 2572 567 2639 ut
583 2564 634 2660 ii,
661 2565 727 2664 qui
752 2565 811 2658 ei,
836 2590 956 2663 (prum
981 2577 1093 2642 osset
1116 2570 1291 2675 i11trapo

162 2684 375 2777 moerim,
409 2683 599 2783 supplices
624 2683 781 2776 lierent,
816 2684 1088 2782 imprmitatem
1115 2688 1291 2777 haberem,

162 2810 319 2880 auctore
342 2802 467 2878 Dione
492 2802 594 2877 Cass.
619 2802 727 2876 Libr.
753 2802 853 2877 LIV.
879 2829 913 2880 c.
932 2800 997 2879 25.
1054 2805 1163 2881 Inter
1187 2807 1291 2906 publi·

162 2946 248 2998 cam
272 2922 369 2996 hano
386 2920 545 3020 Augusti
568 2922 765 2997 redermtis
789 2924 1125 3022 exspectationem
1150 2935 1191 3002 et
1206 2949 1291 3001 com·

163 3065 320 3117 munem
354 3041 526 3117 omnium
560 3041 738 3117 laetitiam
770 3042 921 3118 videtur
952 3041 1072 3120 tulus
1107 3045 1291 3134 Antonius,

161 3161 262 3235 illius
296 3159 405 3254 eniri,
446 3167 489 3234 nl
522 3183 637 3259 snpra
669 3160 921 3255 ostendimus,
958 3159 1127 3240 Praetor
1159 3186 1292 3267 rogasse

160 3279 381 3372 Horatiana,
423 3286 466 3353 ut
496 3277 712 3378 Augustum
745 3278 933 3359 rictorem
971 3281 1129 3380 plectro
1168 3279 1293 3385 majore

160 3420 285 3496 eoque
307 3396 505 3472 Pindarico
530 3397 752 3473 celebraret
800 3396 956 3473 Pindari
977 3399 1238 3478 imitationem
1258 3424 1294 3475 cs

158 3517 202 3592 in
237 3540 369 3592 cerusa
403 3516 564 3591 suasisse
604 3517 815 3592 censendus
855 3524 913 3591 est
946 3515 1062 3594 iulus
1101 3521 1294 3621 respiciens

158 3635 400 3739 potissimum
425 3635 528 3708 illius
552 3633 711 3709 ἐπινίκια.
761 3635 858 3713 Inde
873 3636 1034 3737 planum
1051 3639 1120 3735 fit,
1148 3639 1293 3717 curile-

158 3758 276 3831 ratius
309 3756 357 3830 ab
389 3753 542 3827 Pindari
579 3754 691 3830 laude
722 3753 818 3829 illud
851 3777 1006 3831 carmen
1041 3779 1212 3835 exorsus
1246 3758 1292 3832 sit

157 3873 246 3950 Jam
265 3874 356 3949 licet
372 3872 490 3948 Poeta
507 3872 737 3968 Venusinus,
763 3880 804 3948 ut
819 3874 919 3950 bene
934 3873 1119 3952 observat
1135 3877 1294 3953 Vender-

157 3993 342 4095 bour-gius
367 3993 408 4066 in
427 3993 651 4094 Argument.
677 3991 717 4067 h.
743 4016 776 4068 o.
802 3992 918 4069 Tem.
936 3991 989 4068 Π.
1015 4019 1058 4092 p.
1077 3996 1193 4092 225„
1218 4020 1295 4096 pro·

155 4113 375 4212 pensiorem
400 4135 443 4185 se
461 4135 578 4209 (pram
603 4111 695 4188 alibi
720 4112 895 4188 ostendat
919 4111 969 4187 ad
986 4111 1155 4215 Augusti
1178 4116 1296 4191 laudes

156 4231 369 4323 canendas,
395 4237 542 4323 tamen,
567 4230 758 4306 declarata
773 4231 832 4306 rei
849 4228 1071 4307 difficultate
1087 4233 1294 4333 viriumque

156 4370 314 4423 suarum
337 4349 614 4443 imbecillitate,
640 4349 680 4424 id
705 4350 876 4426 munerIs
899 4349 1027 4426 subita
1053 4352 1294 4431 conversione

155 4466 205 4541 ad
229 4467 354 4565 ipsum
371 4467 501 4544 ernm
524 4468 578 4544 ita
604 4467 802 4566 Μέθη,
827 4477 871 4545 ut
887 4469 992 4546 hunc
1008 4471 1140 4548 multo
1160 4471 1293 4574 dignius

155 4583 314 4687 Augusti
339 4587 541 4664 victoriam
565 4598 607 4664 et
631 4586 867 4690 triumphum
892 4591 943 4665 de
968 4588 1199 4692 Sygambris
1220 4613 1294 4667 car·

156 4705 258 4782 mine
289 4705 567 4784 celebraturum
593 4733 676 4787 esse
702 4708 841 4786 blando
866 4708 1053 4813 significet
1078 4734 1119 4788 v·
1147 4711 1227 4788 ss:
