2686 5236
479 614 696 676 ¹'nxouuusuus
723 621 762 675 v.
1121 599 1199 681 359

54 786 160 863 haud
178 784 424 879 indisertum,
450 782 693 861 Wielauulum
707 784 827 888 (Opp.
846 785 928 863 vot.
947 786 1012 865 43.
1029 815 1069 891 p.
1088 791 1198 867 79-

59 907 147 981 lll.
172 906 234 980 ed.
261 905 411 999 (iu-uu),
437 905 504 1004 qui
530 901 612 1004 ejus
638 929 809 981 cauussam
834 906 936 981 haud
960 908 1197 1009 improspere

55 1025 146 1125 egit.
198 1022 292 1097 Nam
317 1024 390 1099 etsi
415 1048 493 1097 nou
518 1023 667 1114 omnia,
697 1048 796 1121 quae
820 1025 875 1101 ibi
900 1026 1040 1127 scripta
1064 1028 1199 1129 legun·

56 1150 142 1238 tur,
168 1143 332 1241 proluere
349 1166 528 1242 possum,
555 1150 684 1217 tanuen
703 1167 774 1243 ego
795 1168 950 1243 quoqne
973 1145 1015 1221 iu
1040 1170 1086 1223 ca
1112 1171 1198 1221 sum

55 1261 262 1354 sententia,
290 1268 351 1353 uut,
376 1285 507 1335 rerum
530 1266 824 1359 temporumque
850 1265 1053 1339 momentis
1078 1289 1198 1364 acqua

55 1382 166 1457 lauuce
190 1380 428 1479 ponderatis,
463 1380 548 1478 plus
581 1381 715 1479 culpae
747 1379 788 1453 iu
812 1381 985 1483 Augusto
1018 1408 1135 1482 quam
1158 1386 1198 1459 in

55 1500 157 1577 Julia
182 1499 350 1573 residere
374 1507 415 1573 ct
439 1499 557 1592 hanc,
583 1498 658 1574 alio
675 1498 707 1573 si
724 1507 832 1598 patre
854 1525 922 1575 usa
948 1500 1080 1577 fuuisset
1105 1504 1198 1579 alia-

55 1642 135 1721 qua
167 1641 356 1710 noverca,
398 1618 511 1693 aliam
551 1642 706 1716 quoqne
744 1641 907 1718 eamque
942 1620 1199 1699 honestiorem

56 1760 260 1817 evasurum
284 1735 400 1810 fuisse
425 1736 626 1811 mullerem
651 1737 816 1813 credam.
872 1736 1004 1816 tulum
1035 1738 1137 1815 iuutor
1160 1750 1199 1815 ct

52 1855 218 1950 Juliaun,
252 1860 385 1953 utpote
418 1851 572 1949 affines,
604 1854 707 1931 haud
742 1855 857 1931 duduie
891 1853 970 1957 jam
1000 1882 1053 1933 cx
1085 1859 1198 1959 longo

53 1976 147 2051 inde
178 1982 350 2072 tempore
380 1971 644 2048 intercesserat
670 1969 888 2072 conjunctio
914 1978 1197 2053 consuetudinis

53 2116 297 2193 nequaquam
318 2089 528 2165 inhonesta.
578 2089 641 2165 Ex
666 2092 753 2185 illo,
779 2092 864 2169 viro
888 2094 1009 2169 nobili
1016 2148 1030 2190 ,
1055 2096 1198 2173 littera-

53 2238 146 2287 rum
170 2209 442 2311 elegantiarum
467 2216 619 2285 amauute
641 2217 679 2287 et
704 2210 940 2314 intelligente
953 2238 1034 2289 uon
1051 2224 1199 2314 poterat

52 2356 137 2407 uon
152 2329 389 2427 voluptatem
414 2350 550 2424 capere
567 2328 690 2421 Julia,
713 2329 756 2402 iu
780 2353 857 2428 qua
881 2337 922 2407 et
945 2331 1028 2429 ipsa
1051 2333 1198 2409 littera-

51 2472 147 2525 rum
177 2470 350 2523 aurorem
383 2445 622 2543 multamque
646 2448 900 2524 cruditionem
924 2447 1040 2525 luisse
1065 2459 1198 2527 auctor

52 2576 117 2645 est
141 2550 533 2641 ltaorobius'suun.
558 2564 666 2640 Libr.
689 2564 741 2639 Π.
766 2590 801 2641 o.
827 2566 865 2642 5.
889 2567 944 2641 in.
994 2566 1042 2644 Et
1067 2570 1100 2644 si
1124 2569 1199 2645 im-

53 2686 208 2763 modica
230 2684 301 2760 ista
325 2708 371 2759 ac
402 2683 576 2783 petulans
601 2684 806 2761 venustatis
838 2708 930 2760 suae
961 2687 1197 2783 ostentatrix,

32 2828 174 2903 ,quam
190 2803 349 2877 minime
361 2824 460 2902 nego
477 2801 680 2901 aliupuoties
697 2802 908 2904 procaciter
932 2804 1090 2882 abusam
1114 2828 1198 2881 esse

54 2921 291 3023 indulgentia
315 2918 508 3014 fortunae,
534 2944 579 2996 ac
603 2922 720 3021 patris
738 2944 906 3021 suaeque
923 2922 1043 3022 ipsius
1062 2924 1198 2999 existi·

54 3041 216 3119 motioni
238 3064 374 3140 paruum
390 3039 634 3134 consuluisse,
660 3038 798 3134 effecit,
825 3049 868 3116 uut
886 3039 997 3118 iulus
1017 3040 1198 3142 flagitium

55 3160 331 3253 committeret,
371 3166 475 3234 certo
511 3156 552 3231 iu
585 3159 839 3257 suspicionem
871 3160 1005 3258 probri
1038 3161 1197 3255 veniret,

54 3278 153 3355 mihi
183 3279 335 3356 videtur
366 3278 408 3352 iu
432 3284 538 3353 tants
562 3301 714 3353 morum
739 3279 1082 3377 perditissimorum
1106 3302 1198 3355 cou-

54 3397 209 3499 tagione
225 3397 444 3473 excusatius
466 3419 655 3496 peccasse.
691 3396 823 3495 Neque
840 3397 1029 3499 Augustum
1044 3404 1200 3497 propter

55 3517 135 3609 rei,
169 3539 269 3615 quae
302 3515 343 3590 iu
376 3514 462 3591 foro
488 3516 537 3589 aul
560 3513 753 3611 Marsyam
777 3516 957 3591 accidisse
990 3514 1196 3607 leuabatur,

56 3636 225 3711 dedecus
249 3641 352 3711 tauta
376 3635 434 3709 ira
457 3632 648 3709 euasisse
672 3634 944 3708 existimandus
968 3640 1047 3726 est,
1082 3641 1127 3707 ut
1157 3634 1198 3707 iu

55 3777 126 3830 sua
148 3753 268 3853 ipsius
292 3753 410 3831 veluti
433 3753 580 3829 viscera
604 3751 789 3845 saevum,
822 3754 892 3826 sod
919 3751 1078 3827 crimino
1101 3776 1199 3849 quo·

56 3872 149 3947 ulam
179 3894 302 3970 eoque
328 3869 488 3948 conficto
512 3871 561 3944 aul
586 3876 730 3943 tautam
755 3870 1015 3945 crudelitatem
1039 3894 1082 3945 se
1106 3866 1200 3944 effe-

56 3990 138 4067 rari
161 4014 294 4089 passus
318 3996 389 4065 est.
440 3986 594 4064 Scilicet
618 3988 783 4063 dubitari
807 3990 941 4088 nequit
965 3988 1059 4088 quin
1075 3986 1198 4082 Livia,

56 4109 292 4209 usquuissima
321 4108 394 4185 ista
427 4108 605 4184 dolorum
629 4108 905 4206 criminumque
929 4106 1198 4197 machinatrix,

56 4228 102 4305 in
125 4229 199 4305 hac
222 4251 379 4328 quoque
403 4250 534 4305 caussa
567 4228 711 4326 primas
744 4226 866 4326 egerit
897 4234 1026 4327 partes
1059 4248 1200 4324 easque

56 4347 286 4447 expleverit.
337 4345 534 4446 Suuspicaci
558 4353 599 4422 et
622 4346 845 4422 meticuloso
870 4344 1008 4421 marito
1033 4368 1105 4420 suo
1131 4367 1199 4423 va·

56 4464 217 4543 forrima
228 4464 303 4543 ista
314 4467 452 4542 mulier
468 4461 619 4566 objecit,
636 4472 827 4564 tamquam
839 4464 1198 4558 terriculamentum,

57 4585 161 4663 uitae
186 4585 528 4683 dominationisque
552 4584 779 4661 amittendae
805 4583 1014 4683 periculum
1038 4591 1081 4660 et
1095 4606 1200 4659 eom·

58 4710 192 4785 monta
224 4712 283 4783 est
318 4700 617 4806 conjurationem
649 4701 748 4780 filiae
780 4728 868 4781 ouum
901 4700 990 4781 Julo
1020 4699 1201 4795 Antonio,
