2686 5236
151 632 230 711 ³52
495 650 545 701 nr
575 646 713 702 cassio
738 646 964 700 rimarer.

154 820 270 897 Tom.
298 815 330 891 Ι.
355 842 395 916 p.
415 812 465 891 53
484 838 565 911 sq.,
592 810 856 903 statuerimus,
883 816 1099 909 utramque
1118 808 1292 886 Octavian

157 948 316 1037 nuptam
350 934 468 1009 finisse
504 931 607 1025 cajo
640 930 829 1003 Marcello
863 929 1036 1005 cuidam.
1101 929 1191 1005 Jaru
1219 953 1293 1007 seru

157 1068 319 1135 memma
333 1052 615 1129 Marcellorum
629 1048 718 1123 licet
734 1047 1014 1145 perobscurtmr
1039 1050 1116 1142 sit,
1144 1050 1241 1147 quod
1260 1072 1295 1123 uc

159 1173 371 1251 Dnmmnui
396 1169 550 1269 quidem
581 1165 865 1269 diligentissima
897 1190 1020 1265 opera
1058 1170 1157 1243 satis
1189 1168 1297 1243 dilui·

159 1296 291 1371 datram
325 1313 409 1366 csse
443 1286 609 1378 dixeris,
651 1294 781 1361 tamen
812 1287 992 1362 modeste
1025 1288 1228 1387 proferam
1254 1310 1298 1379 ea,

159 1435 260 1513 quiae
285 1408 381 1483 nrilri
405 1407 500 1481 illud
525 1403 772 1505 perlustranti
795 1404 977 1481 videntur
1002 1430 1095 1481 esse
1126 1431 1175 1483 ea
1206 1408 1244 1481 in
1267 1428 1299 1481 re
1339 1492 1341 1513 ι

157 1528 384 1633 probabilia.

267 1643 434 1723 Octavia
467 1640 601 1716 minor
631 1649 815 1742 nupserat
842 1643 884 1719 G.
912 1644 1096 1721 claudio
1121 1644 1300 1733 Marcedo,

154 1767 225 1869 qui
262 1790 351 1842 ctun
383 1762 430 1837 L.
465 1759 631 1835 Aemilio
668 1761 789 1841 Paulo
823 1758 968 1836 Consul
1001 1774 1095 1839 crat
1129 1789 1167 1839 a.
1200 1765 1243 1839 U.
1271 1762 1302 1837 0.

162 1887 253 1965 704.
296 1891 338 1959 ct
375 1880 496 1955 irater
536 1879 718 1977 patruclis
750 1878 802 1953 Μ.
835 1880 988 1956 Claudii
1017 1882 1204 1959 Marcelli
1236 1882 1303 1959 cus

161 2030 198 2084 a.
231 2004 277 2079 U.
311 2002 354 2078 G.
385 2000 477 2076 703.
536 1997 692 2073 Mecum
724 1999 913 2075 consentit
946 2000 1224 2097 Drannaunus,
1254 2000 1302 2099 qui

161 2123 342 2204 eumdem
388 2119 496 2192 illum
539 2116 761 2193 Marcellum
800 2118 973 2219 agnoscit
1019 2118 1212 2199 Octaviae
1247 2120 1302 2195 ni·

162 2241 270 2319 noris
295 2237 487 2313 marinum.
546 2232 649 2310 Suae
680 2238 889 2312 sententiae
912 2239 1166 2336 praesidium
1188 2236 1302 2339 repetit

160 2384 215 2437 ex
252 2357 446 2434 Ciceronis
481 2356 531 2430 ad
562 2354 675 2429 Attic.
708 2353 814 2428 Libr.
839 2356 922 2429 XV.
959 2354 1092 2453 Epist.
1124 2362 1185 2433 12.
1216 2358 1300 2447 Η..

163 2480 232 2555 ubi
265 2477 469 2551 Marcellus
502 2474 659 2573 quidam
694 2482 1046 2569 commemoratur,
1092 2479 1156 2552 cui
1189 2476 1299 2551 Caesa

165 2598 397 2675 Octavianus
424 2595 559 2668 dicitur
585 2592 705 2667 videri
731 2593 890 2667 deditus·
903 2615 1004 2666 esse.
1064 2595 1121 2669 At
1146 2619 1231 2670 cum
1251 2592 1296 2667 illc

165 2741 291 2815 neque
314 2716 439 2807 tistitus
460 2713 608 2786 dicatur
632 2736 757 2808 neque
783 2711 993 2786 consrdaris
1021 2735 1113 2788 esse
1139 2712 1295 2814 significa·

166 2846 250 2928 tur,
286 2834 381 2908 nihil
416 2834 542 2906 obstat
575 2856 654 2928 quo
678 2830 806 2904 minus
832 2831 881 2903 de
906 2830 983 2903 alic
1010 2830 1199 2907 Marcello
1222 2832 1295 2905 illius

167 2956 298 3030 aetatis
325 2951 544 3052 cogitemus.
603 2947 676 3023 Ille
702 2955 850 3039 autem,
884 2972 1004 3046 (prem
1041 2952 1150 3044 dixi,
1185 2946 1294 3025 Consi
1336 2978 1341 3033 f

166 3073 363 3147 habendus
397 3071 469 3144 crit
494 3069 558 3143 illc
584 3066 627 3141 G.
652 3067 875 3159 Marcellus,
911 3064 1024 3167 cujus
1061 3095 1225 3145 uxorem
1247 3067 1294 3143 Gn
1337 3050 1341 3091 ³

166 3186 352 3288 Pompeio
378 3188 637 3262 conditionem
661 3188 710 3260 ab
727 3185 831 3262 Julio
851 3185 1015 3263 Caesare
1043 3190 1213 3265 delatam
1235 3207 1295 3262 csse

166 3308 283 3383 rclcrt
308 3306 514 3381 Suetonius
540 3331 574 3381 c.
601 3309 664 3379 27.

274 3424 441 3499 Octauia
460 3426 588 3516 ηιαῘον
601 3424 697 3499 item
713 3423 872 3499 sortasse
888 3434 1079 3522 nupserat
1098 3428 1142 3503 G.
1160 3421 1297 3503 Claudio

166 3546 356 3623 Marcello
374 3544 442 3634 illi,
459 3544 525 3640 qui
542 3567 628 3618 cum
646 3542 694 3616 L.
706 3542 880 3619 Cornelio
900 3542 1073 3620 Lentulo
1085 3544 1226 3621 Consul
1239 3552 1299 3617 crat

165 3690 201 3741 a.
230 3664 274 3737 U.
298 3664 340 3738 G.
361 3660 450 3736 705.
503 3661 601 3734 Eum
626 3662 742 3737 luisse
767 3661 921 3735 statem
939 3661 990 3735 M.
1009 3662 1191 3739 Marcelli
1215 3664 1299 3737 biru-

168 3786 234 3859 nio
268 3792 356 3857 autc
383 3782 574 3873 Consulis,
610 3783 737 3855 decutit
760 3781 950 3855 Manutius
984 3784 1037 3855 ad
1067 3783 1240 3859 (iceron.
1266 3778 1299 3853 ad

168 3904 317 3979 nivers.
343 3900 451 3973 Libr.
478 3898 563 3972 XV.
590 3898 663 3997 Ep.
690 3904 747 3992 7.,
779 3900 980 3975 caiatiam
1007 3899 1301 3975 Drmnannusin

164 4020 309 4095 Hister.
336 4019 447 4092 Rom.
474 4019 587 4093 Tcm.
608 4018 657 4091 ll.
683 4045 722 4118 p.
745 4020 834 4093 398.
860 4020 947 4093 aot.
969 4019 1034 4093 13.
1058 4021 1302 4120 adstipulatur.

166 4137 254 4213 Jam
284 4162 377 4212 vcro
403 4137 669 4227 Burmannus,
695 4161 746 4210 ue
770 4138 855 4234 quis
881 4138 930 4210 de
955 4137 1033 4213 hoc
1060 4137 1303 4223 G.lt1arcellc,

163 4257 378 4329 Anclmriac
403 4279 565 4355 gessero,
593 4257 693 4353 apud
713 4255 955 4329 l’lutarcluun
973 4258 1136 4356 cogitet,
1164 4258 1305 4356 probare

170 4375 320 4465 studet,
356 4398 448 4447 cum
473 4371 548 4472 jam
576 4398 677 4448 auno
702 4374 747 4447 U.
776 4375 817 4448 C.
845 4376 933 4449 700.
961 4376 1127 4471 periissc
1156 4378 1198 4452 in
1221 4374 1305 4449 bello

168 4500 302 4565 corruo
327 4489 552 4590 Pompeium
578 4495 649 4585 it,
686 4518 709 4567 a
736 4490 842 4590 cujus
868 4493 1046 4589 partibus
1072 4503 1209 4571 staret.
1262 4490 1306 4565 sd

171 4608 464 4683 constristandum
500 4620 628 4684 autem
663 4612 882 4709 opinionem
919 4636 1027 4685 suam
1061 4612 1125 4688 his
1153 4640 1242 4689 tutis
1263 4620 1308 4685 est

168 4729 415 4829 argrunentis.
451 4730 624 4805 l’rimtuu
641 4731 673 4804 si
689 4739 880 4831 superstes
898 4729 1049 4825 sitisset,
1071 4733 1180 4809 haud
1198 4731 1306 4817 dubie,
