2670 5294
154 685 208 763 96
514 708 565 761 on
590 710 628 761 s.
642 707 770 761 vnio
796 708 942 765 roura·

155 872 205 949 Et
232 870 301 972 qui
334 867 508 972 ejudem
538 872 682 948 Poetae
706 869 872 947 sauram
895 869 1007 947 Libri
1025 868 1062 945 Ι.
1094 870 1302 948 secumdmn

155 1000 301 1071 attento
326 993 531 1093 perlegerit
555 990 706 1086 animo,
737 990 946 1092 intelliget,
977 1014 1141 1067 omnem
1171 991 1300 1066 matri-

155 1110 277 1188 monii
310 1110 569 1205 sanctitatem,
612 1134 728 1209 quiam
759 1111 825 1186 vel
847 1111 984 1187 leviter
1006 1110 1176 1186 violasse
1198 1108 1297 1185 nefas

157 1233 249 1308 olim
273 1231 501 1324 haberetur,
541 1230 696 1305 illonrm
720 1230 974 1329 perversitate
1004 1237 1228 1329 temporum
1248 1228 1295 1303 its

155 1350 271 1426 inisse
297 1349 508 1442 sublatam,
533 1357 578 1422 ut
602 1372 654 1423 ne
678 1348 904 1423 nobilissimi
928 1349 1088 1449 quidem
1103 1348 1180 1427 viri
1196 1347 1293 1423 adid·

156 1469 261 1546 teriis
285 1468 479 1567 vetitoque
502 1475 764 1543 matronamm
787 1491 920 1545 amore
944 1468 1214 1543 abstinuerint.

258 1589 362 1665 llaec
403 1612 524 1686 quum
556 1610 710 1663 mecum
743 1595 902 1686 reputo,
943 1610 1026 1662 non
1058 1587 1178 1663 video
1212 1584 1292 1685 quiid

156 1712 301 1804 obstet,
336 1730 413 1806 quo
437 1706 564 1781 minus
588 1706 751 1782 Plotium
775 1730 952 1805 pioque,
983 1705 1193 1808 ingenuam
1215 1704 1293 1779 licet

156 1830 401 1927 nobilemque
433 1824 636 1919 feminam,
680 1848 791 1900 suam
824 1826 1026 1901 credamus
1058 1824 1292 1925 prostituisse

156 1944 396 2051 pudicitiam,
435 1946 662 2045 praesertim
694 1969 784 2020 cum
816 1968 862 2019 ca
895 1945 1070 2022 videatur
1096 1943 1294 2035 doctrinas,

158 2093 276 2169 quam
298 2067 398 2141 ¹telae
423 2066 614 2140 amantior
627 2064 759 2141 finisse.
810 2064 999 2141 Asconius
1023 2063 1237 2159 Pedianus,
1259 2068 1295 2135 ut

157 2189 326 2263 Donatus
345 2185 419 2277 ait,
446 2182 670 2279 affirmabat,
695 2185 819 2284 ipsam
836 2191 930 2258 natu
946 2179 1136 2284 majorem
1147 2202 1295 2258 narrum

158 2306 328 2397 solitam,
364 2301 569 2404 Virgilium
592 2303 797 2386 invitam
821 2327 906 2379 esse
930 2327 954 2378 e
977 2300 1097 2378 Vario
1123 2302 1177 2378 ed
1201 2324 1296 2379 com·

155 2424 382 2501 munionem
405 2421 483 2515 sui,
509 2446 645 2499 verum
660 2421 960 2521 pertinacissime
973 2446 1188 2498 manusc.
1222 2418 1296 2495 Soi-

156 2544 246 2619 licet
278 2542 373 2617 haec
407 2542 509 2644 dixit
540 2547 725 2640 patronus
758 2565 803 2616 ac
836 2539 1015 2617 defensor
1045 2542 1216 2643 Virgilii,
1258 2544 1296 2612 ut

158 2686 250 2738 eum
274 2662 323 2737 ab
356 2660 535 2736 adidterii
560 2661 768 2758 opprobrio
794 2661 1026 2754 vindicaret,
1060 2684 1189 2760 eaque
1211 2660 1299 2734 hau·

157 2782 209 2856 sit
242 2805 296 2855 ex
330 2804 399 2855 ore
431 2777 605 2882 ejsudem
637 2780 828 2873 mulieris,
871 2803 1036 2879 quacum
1069 2780 1298 2855 ndsdterssse

157 2901 335 2976 clientem
368 2897 469 2974 fama
501 2897 659 2973 ferebat.
720 2897 823 2974 llaec
857 2898 1109 2999 interroganti
1141 2895 1298 2973 Asconio

156 3019 326 3095 narravit
348 3018 472 3092 Plotia
496 3018 625 3093 vetsda
657 3013 756 3117 jam,
792 3041 909 3117 quiam
933 3042 1013 3092 non
1038 3017 1224 3093 credibile
1247 3020 1299 3089 est

156 3136 209 3212 ita
249 3159 405 3210 omnem
439 3136 592 3210 exssisse
626 3138 833 3236 pudorem,
877 3144 922 3210 ut
960 3137 1195 3211 adulterium
1224 3136 1299 3235 ipsa

159 3252 405 3333 eonfiteretur
437 3278 562 3330 suum.
628 3254 769 3329 Mirum
802 3256 938 3355 utique
967 3256 1145 3355 quemvis
1169 3255 1299 3331 habet

158 3398 316 3451 necesse
352 3380 412 3450 est
444 3371 632 3476 ejinmodi
664 3376 880 3476 ingenuitas
913 3382 954 3449 et
986 3375 1094 3449 frons
1135 3372 1298 3449 msdieris

158 3495 248 3570 talia
274 3495 323 3568 de
348 3518 391 3568 se
415 3494 631 3592 maritoque
654 3494 863 3569 narrantis!
897 3492 950 3568 Et
973 3493 1137 3569 Variiun
1162 3494 1198 3569 si
1221 3514 1299 3593 spe·

160 3622 323 3715 snmus,
349 3613 503 3711 qualem
527 3614 682 3687 tandem
707 3615 926 3712 putabimus
941 3612 1059 3687 iusisse
1073 3613 1206 3688 ‹lecori
1219 3634 1299 3687 sen·

160 3756 246 3806 sum
278 3732 335 3824 ci,
378 3733 446 3831 qni
481 3756 590 3806 suam
622 3757 785 3808 uxorem
816 3758 897 3808 non
928 3732 1111 3806 dubitarit
1138 3733 1298 3809 sudetur

160 3976 250 4071 pter
273 3968 377 4044 Varii
401 3970 478 4044 mei
505 3993 637 4045 caussa
669 3993 760 4044 sane
784 3971 945 4065 vellem,
976 3979 1060 4045 tota
1084 3964 1296 4069 propudiod

160 4088 270 4164 istius
294 4088 473 4164 facinoris
498 4089 665 4164 namatio
691 4090 929 4165 sublestioris
954 4113 1051 4166 voce
1076 4088 1186 4165 testis
1209 4087 1297 4163 nite

161 4216 290 4302 reon,
316 4233 433 4307 quiam
456 4208 624 4283 Asconii.
673 4208 727 4282 At
751 4233 846 4285 vero
862 4209 1048 4285 Asconius
1071 4207 1205 4300 isest,
1230 4227 1297 4305 quo

162 4325 253 4399 satis
268 4335 372 4402 certo
387 4334 540 4404 auctore
564 4333 706 4403 stetin:
732 4333 815 4402 erat
831 4329 936 4403 enim
956 4327 1113 4403 illorum
1128 4326 1298 4429 caprelis,

163 4634 310 4712 legitimas
341 4637 446 4698 uxoris
471 4636 626 4715 imaginem
659 4637 685 4701 si
715 4639 780 4714 quis
807 4647 914 4698 attente
949 4637 1127 4713 inspexerit,
1161 4634 1303 4711 fatebitur,

164 4716 480 4869 Ἠωὼὲινιῆί
499 4743 636 4801 uorem,
663 4725 828 4787 excusstius
848 4723 940 4787 videri
960 4742 1097 4803 pecasse
1117 4724 1150 4783 in
1169 4718 1304 4801 Virgilio,
