2670 5294
166 704 244 781 320
515 726 565 776 66
592 722 729 783 cassio
755 722 977 775 craneum.

167 898 295 995 partes
327 888 477 964 transiit
508 894 549 961 et
579 886 620 961 in
654 910 779 989 pugna
802 888 852 961 ad
876 887 1062 963 Mundam
1087 910 1219 965 caesus
1240 912 1293 963 oo·

167 1010 320 1087 cubuitr
345 1034 384 1085 v.
403 1008 477 1081 Dio
503 1006 606 1081 Cass.
630 1004 738 1080 Libr.
754 1004 857 1079 XLI.
883 1028 919 1081 c.
933 1006 972 1081 4.
996 1005 1095 1105 ibiq.
1120 1006 1294 1083 Febricim

166 1129 211 1203 N.
243 1128 303 1203 15.
336 1135 375 1203 61
404 1126 515 1199 Δ661.
548 1126 597 1201 de
630 1126 675 1200 B.
703 1124 861 1223 Hispan.
893 1125 1011 1200 631.
1063 1122 1194 1225 llujus
1216 1126 1295 1201 lilim

167 1246 422 1349 cognominis,
449 1246 604 1319 abruto
628 1252 668 1320 et
686 1243 816 1319 Cassio
840 1243 974 1317 auxilii
997 1244 1158 1341 petendi
1183 1267 1295 1320 cauma

165 1368 215 1441 ad
242 1363 410 1439 Orodem
442 1363 602 1457 miserm,
646 1363 771 1437 audita
795 1363 902 1438 clade
925 1361 1183 1461 Philippensi,
1213 1363 1295 1463 apud

165 1483 324 1560 Parthos
349 1483 530 1557 remansit
554 1482 687 1581 eisque
712 1488 844 1557 asrotor
867 1481 1036 1571 exstitit,
1062 1490 1108 1555 ut
1133 1481 1295 1556 Romanis

164 1603 310 1677 bellum
342 1600 545 1695 inferrent,
590 1608 689 1675 teste
720 1600 844 1676 Dione
869 1599 970 1675 Cass.
995 1600 1107 1675 Libr.
1133 1598 1293 1673 vam

165 1744 201 1797 c.
219 1724 281 1795 24.
307 1721 401 1819 ibiq.
427 1745 465 1796 v.
483 1719 680 1794 Fabricius
704 1718 750 1792 N.
774 1719 861 1800 106.
922 1717 1025 1793 Eum
1049 1723 1227 1815 μειράκων
1240 1717 1295 1791 sis·

165 1842 323 1931 ρέθιστον
337 1842 394 1911 καὶ
408 1837 525 1923 ἀνοίας
540 1844 665 1931 πλῆρες
690 1838 856 1936 appellat
871 1834 1008 1911 Strabo
1034 1836 1147 1912 Libr.
1156 1837 1293 1912 XM

165 1958 271 2048 §.24
297 1958 411 2033 Tom.
428 1957 477 2032 V.
506 1982 544 2057 p.
555 1959 644 2033 636.
654 1956 726 2029 Ta.
741 1956 922 2054 idemque
940 1980 1031 2031 cum
1050 1956 1180 2031 Ilione
1201 1981 1233 2031 c.
1245 1956 1294 2031 26.

165 2084 341 2170 tmaan,
376 2078 485 2151 illum
518 2100 602 2151 sese
620 2074 839 2150 nominasse
863 2078 1047 2170 Παρθικὸν
1068 2076 1293 2170 αὐτοκράτορι

166 2196 275 2270 Anno
299 2195 345 2268 U.
370 2194 412 2269 C.
435 2193 525 2269 715.
550 2194 593 2268 in
624 2193 714 2293 fuga
746 2217 769 2267 a
793 2194 1007 2285 Demetrio,
1044 2194 1169 2294 Cypri
1200 2216 1291 2293 prae·

164 2312 286 2406 fecto,
313 2320 444 2411 captus
460 2320 540 2405 est,
568 2323 722 2387 auctore
739 2312 863 2386 Dione
881 2311 985 2387 Cass.
1008 2311 1122 2387 Libr.
1140 2310 1291 2386 XLVIII.
1328 2322 1331 2379 ῑ

165 2456 199 2506 6.
220 2433 284 2505 40.
335 2429 421 2506 Iam
446 2427 560 2530 hujus
583 2431 706 2505 filimn
728 2429 774 2503 N.
793 2430 916 2504 Faber
940 2439 1140 2506 oratorem
1164 2432 1211 2505 T.
1230 2430 1290 2503 lo·

165 2550 325 2624 bianum
349 2549 467 2623 fuisse
485 2550 618 2622 statuit
641 2549 747 2622 nulla
772 2548 844 2622 alia
860 2550 993 2622 ductus
1008 2550 1172 2644 ratione,
1196 2573 1289 2647 (pum

166 2672 271 2768 quod
305 2670 409 2743 idem
434 2669 468 2740 ei
496 2692 729 2767 praenomen
754 2667 813 2740 sit.
873 2668 956 2760 Qua
981 2670 1031 2743 de
1056 2693 1102 2742 re
1127 2670 1226 2742 haud
1245 2668 1288 2740 in·

164 2784 264 2886 juria
305 2812 498 2861 asseusrun
543 2787 736 2884 suspendit
781 2811 893 2859 suurn
928 2786 975 2860 G.
1006 2784 1042 2860 1.
1077 2788 1226 2861 Vossius
1252 2786 1287 2859 dc

163 2906 304 2982 Hister.
331 2906 455 2979 Latin.
482 2904 588 2977 Libr.
605 2905 637 2976 Ι.
664 2930 697 2978 6.
716 2905 778 2978 23.
805 2931 842 3001 p.
861 2906 923 2978 38.
976 2904 1094 2977 Tom.
1112 2906 1179 2979 lv.
1210 2904 1286 3003 Opp

163 3026 335 3101 Retinuit
359 3024 492 3121 utique
517 3025 583 3097 illc
609 3024 735 3097 arrimo
753 3024 876 3124 gentis
895 3047 986 3097 suae
1002 3022 1188 3098 ferociam
1206 3046 1286 3097 eam·

165 3168 242 3241 que
262 3144 370 3216 dietis
397 3143 620 3239 scriptisque
647 3142 895 3240 exprompsit.
948 3142 1055 3235 Fuit,
1093 3143 1218 3241 inquit
1244 3140 1286 3215 di·

166 3263 395 3336 sertissimus
422 3263 469 3334 de
495 3273 543 3335 eo
569 3262 696 3354 testis,
722 3260 775 3333 M.
794 3259 959 3354 Seneca,
984 3269 1118 3335 orator
1143 3282 1286 3361 magum,

135 3370 232 3476 'qui
271 3404 341 3476 per
372 3381 495 3453 multa
527 3380 800 3477 impedimenta
836 3381 1039 3473 eluctatus,
1084 3382 1135 3453 ad
1172 3380 1287 3453 larisam

164 3497 327 3596 ingenii,
371 3498 635 3571 confitentibus
668 3499 788 3597 inagis
823 3498 1040 3571 homiuibus
1083 3502 1287 3596 pervenerat

164 3639 280 3712 quam
304 3616 532 3690 volentibus.
585 3616 746 3695 Srunma
772 3626 918 3716 egestas
944 3626 1046 3708 erat,
1073 3640 1223 3689 summe
1243 3615 1287 3687 in·

163 3734 297 3826 l'emia,
325 3760 517 3807 smmuum
535 3737 676 3808 odium.
712 3735 811 3808 Hinc
828 3736 978 3809 Asinius
990 3735 1130 3829 Pollio,
1158 3744 1288 3809 auctore

164 3852 395 3949 Quintiliano
421 3853 449 3924 Ι.
479 3849 546 3923 Or.
572 3852 680 3926 Libr.
698 3854 766 3928 IV.
793 3880 825 3928 c.
846 3857 879 3927 I.
907 3864 937 3943 §.
959 3856 1041 3946 ll.,
1068 3856 1289 3928 eumadver·

163 3971 251 4043 sarii
283 3979 483 4069 patronum
517 3996 587 4066 pro
621 3973 801 4047 Urbiniae
834 3972 1038 4046 heredibus
1071 3973 1176 4046 iuter
1199 3995 1289 4071 argu·

163 4096 291 4162 menta
317 4090 438 4163 malae
474 4113 627 4164 6666666
660 4092 805 4187 posuitr
841 4116 880 4165 v.
909 4091 1147 4165 Tlrorbecke
1173 4093 1288 4164 (1616

163 4208 343 4281 Pollionis
379 4207 455 4280 Vir.
492 4215 532 4281 et
566 4208 679 4282 Stud.
705 4236 744 4307 p.
763 4211 825 4284 74.
843 4235 900 4307 sq.
927 4217 967 4284 et
992 4209 1040 4282 ll.
1063 4206 1289 4305 Meyerusin

165 4321 286 4398 Orett.
312 4327 472 4400 Roman.
499 4327 649 4426 Fregnr.
676 4353 712 4424 p.
731 4327 819 4401 213.
846 4337 885 4401 61
910 4356 949 4426 p.
972 4329 1061 4401 221.
1118 4329 1289 4402 Lmiem

163 4442 417 4543 l'onrpejauus
444 4446 647 4519 dissidebat
670 4444 806 4521 irrfesto
831 4447 958 4520 auimo
989 4447 1037 4519 ab
1064 4447 1200 4523 Asinio
1224 4442 1289 4521 Pd-
1321 4466 1331 4542 1

161 4557 266 4633 lione
293 4562 535 4656 Caesariano,
562 4587 728 4661 eumque
753 4565 795 4637 iu
821 4567 1012 4658 oratioue,
1040 4562 1153 4665 cujus
1178 4560 1288 4642 merri·
1320 4600 1331 4658 ι

162 4674 219 4747 uit
234 4678 484 4768 Quintilianus
509 4682 541 4755 1.
559 4682 627 4757 Or.
654 4683 758 4757 Libr.
767 4683 797 4755 1.
816 4709 849 4757 6.
863 4682 900 4755 5.
923 4694 952 4773 §.
972 4687 1024 4779 8.,
1050 4710 1154 4761 voce
1172 4684 1286 4763 Gallie
1318 4718 1331 4779 q

162 4795 421 4891 appellaverat
440 4802 615 4895 Cosrror,
641 4800 681 4875 b.
697 4825 733 4877 e.
758 4812 1026 4877 assectatorem
1046 4828 1104 4880 sc.
1133 4801 1284 4891 Caesan't
1317 4824 1327 4901 ι
