2670 5294
147 698 227 777 336
498 714 550 767 nr
576 710 714 767 casoro
738 706 962 763 ιιιιιιιτιιιι.

146 882 313 971 μυκτῆρος
340 870 452 945 ἐδόκει
477 876 550 954 τοῖς
582 868 808 961 γραφομένοις
837 866 895 935 καὶ
922 862 1174 949 πλαττομένοις
1194 857 1280 951 Ἦρα,

149 992 248 1071 κλέος
268 985 467 1077 προσώποις
488 982 631 1073 ἐμφερὲς
652 978 739 1065 ἔχειν
754 978 794 1048 τὸ
810 973 1023 1071 ἀρρενωπόν.
1064 971 1196 1068 Atque
1214 992 1283 1042 cer·

151 1120 224 1196 pus
251 1090 335 1193 ojus
364 1091 521 1166 libidine
546 1089 725 1185 vitaespre
749 1084 896 1159 deliciis
921 1093 1002 1159 tom
1026 1106 1169 1182 parum
1191 1102 1284 1155 ena·

151 1224 287 1292 vatum
305 1218 374 1304 cst,
400 1218 444 1283 ut
455 1208 519 1286 vcl
534 1205 773 1307 provectiore
788 1210 924 1297 aetate,
949 1202 985 1275 si
1000 1225 1066 1275 res
1090 1225 1139 1275 ac
1154 1208 1284 1296 temps

151 1332 282 1425 ferret,
307 1330 483 1405 laborrmr
498 1324 685 1425 famaque
701 1329 803 1397 esset
820 1321 1160 1419 patientissimum
1189 1316 1285 1391 Prac-

152 1461 257 1526 terea
290 1472 312 1522 a
342 1445 545 1520 Plutarcho
578 1466 612 1517 c.
637 1441 702 1515 43.
736 1440 938 1513 laudantur
979 1438 1024 1513 in
1058 1462 1112 1513 eo
1147 1437 1283 1531 εὐγένεια,

152 1562 233 1651 λόγσ
255 1558 412 1643 δύναμις,
444 1553 612 1645 ἁπλότης,
638 1553 679 1624 τὸ
700 1552 891 1643 φιλόδωρον
915 1552 973 1623 καὶ
992 1550 1241 1643 μεγαλόδωρον,
1268 1545 1284 1641 'i

152 1672 233 1765 περὶ
253 1673 313 1751 τὰς
335 1667 476 1749 παιδιὰς
496 1667 553 1735 καὶ
573 1666 635 1749 τὰς
655 1662 789 1752 ὁμιλίας
808 1660 1033 1754 εὐτραπελία,
1056 1682 1201 1757 easque
1221 1658 1284 1733 vir·

152 1787 278 1871 tutes,
318 1800 397 1875 quo
430 1772 641 1849 dillicilio'ra
667 1779 777 1851 erant
810 1781 851 1847 et
874 1772 1098 1873 angrrstiora
1123 1782 1283 1870 tempora,

152 1922 201 1973 co
237 1892 514 1993 conspectiores
548 1893 693 1969 solebat
726 1890 934 1991 explicare.
1005 1889 1128 1985 Nam,
1153 1902 1196 1963 nt
1217 1889 1282 1989 pul-

154 2014 247 2090 chre
272 2014 326 2087 ait
350 2010 571 2085 Plutarchus
597 2036 631 2087 e.
652 2012 735 2106 17„
760 2010 861 2105 φύσει
881 2011 978 2103 παρὰ
998 2012 1062 2095 τὰς
1078 2009 1282 2101 recupera

154 2124 280 2216 ἐγίνετο
299 2126 472 2211 βέλτιστος
494 2121 596 2193 {corsi
615 2125 672 2193 xci
701 2128 867 2211 δυστυχῶν
887 2120 1093 2213 ὁμοιότατος
1112 2118 1152 2216 ἦν
1172 2120 1278 2213 ἆγοθρὶ

154 2231 280 2307 Mores
319 2227 401 2332 ejus
442 2231 709 2330 animumque,
748 2232 790 2306 in
833 2256 910 2331 quo
941 2232 1089 2305 minam
1120 2232 1278 2308 τίιῒιιιιιιι

156 2349 416 2447 vitiorumque
459 2358 654 2425 certarnen
693 2350 810 2427 fuisso
842 2352 982 2449 liquet,
1025 2349 1196 2425 breviter
1228 2347 1278 2423 sel

154 2491 246 2545 vere
271 2466 442 2569 depingit
466 2467 540 2543 Dio
568 2468 723 2543 Cassius
749 2468 856 2545 Libr.
874 2470 939 2545 Ll.
968 2494 1001 2545 c.
1022 2470 1088 2545 15.
1112 2469 1235 2567 ibique
1252 2488 1278 2541 τ.
1324 2560 1327 2567 Ι

156 2585 348 2662 Fabricius
372 2584 462 2661 Vol.
481 2586 548 2660 vl.
576 2613 614 2686 p.
636 2589 696 2662 13.
716 2587 816 2663 Stra.
1324 2570 1327 2639 ῗ

262 2755 462 2857 Ingenium
497 2758 547 2830 ad
572 2758 776 2833 dicendum
810 2759 848 2833 ei
878 2757 997 2833 finisse
1027 2759 1184 2835 videtur
1217 2777 1280 2829 ma·

157 2876 307 2968 diocre,
349 2875 451 2972 quod
485 2882 612 2950 tamen
645 2878 677 2951 si
709 2878 835 2953 sardio
869 2886 909 2952 ct
942 2877 1190 2951 meditatione
1218 2896 1282 2947 ma-

157 2995 289 3069 luisset
315 2992 493 3066 excolere
519 3020 637 3091 quam
671 3020 806 3095 corpus
837 2996 994 3070 militiae
1022 2996 1216 3069 labor-ibin
1236 3016 1283 3064 as·

158 3112 372 3202 sirclaccrc,
399 3106 583 3211 majorem
608 3112 767 3189 sortasse
789 3117 950 3213 adeptus
976 3113 1109 3188 linisset
1142 3114 1283 3186 iamlam.

156 3230 253 3303 Nam
278 3229 311 3302 si
335 3240 513 3303 narratur
539 3232 698 3307 dicendo
724 3256 839 3332 saepe
864 3232 1087 3332 protulisse,
1116 3232 1219 3331 quod
1239 3227 1284 3301 τί-

158 3349 315 3420 deretur
349 3346 453 3420 haud
487 3349 731 3445 indiscrtmn,
775 3359 815 3426 et
854 3352 967 3425 laude
999 3349 1182 3448 populari
1212 3370 1284 3445 pro-

159 3488 348 3563 speroque
385 3474 527 3542 eventu
566 3469 893 3567 comprobaretur3
936 3468 1213 3543 existimandus
1242 3472 1284 3536 est

157 3584 321 3656 multum
353 3583 469 3657 etiam
503 3582 674 3660 effecisse
711 3589 830 3662 animi
872 3590 1113 3684 lateurmque
1154 3585 1283 3671 robores

156 3704 364 3778 verborum
406 3702 511 3774 inani
553 3728 694 3802 pompa
727 3713 765 3780 et
799 3702 1029 3805 adjumentis
1066 3703 1283 3779 extrinseca

157 3820 382 3915 assumptis,
408 3819 462 3891 ita
486 3827 531 3892 ut
554 3846 843 3922 nonnumquam
867 3848 959 3900 vere
984 3823 1199 3922 tragoedias
1216 3840 1283 3918 age·

157 3946 230 4011 rct.
282 3937 426 4010 Romae
451 3936 596 4034 Epidio
622 3941 763 4015 rhetori
789 3943 926 4018 Latino
952 3964 1115 4038 operam
1138 3940 1282 4025 dederat,

158 4063 311 4128 auctore
339 4052 525 4127 Suetonio
551 4057 599 4129 de
625 4056 724 4132 Clar.
749 4061 859 4135 Rhet.
886 4084 920 4132 c.
949 4061 986 4131 4.
1038 4058 1189 4132 Deinde
1212 4074 1283 4129 ιιιιιι

158 4173 273 4247 ctiam
306 4181 363 4245 cst
395 4172 574 4271 magistro
607 4179 715 4251 Sext.
746 4177 878 4254 Clodio
904 4201 927 4253 e
954 4175 1106 4271 Sicilia,
1144 4174 1284 4249 Latinae

158 4290 269 4363 simul
304 4289 551 4389 Graecaeque
584 4295 823 4391 eloquentiae
848 4296 1050 4396 magistro,
1085 4302 1130 4369 ut
1152 4298 1285 4369 testetur

158 4405 360 4481 Suetonius
384 4409 410 4480 l.
438 4432 468 4481 c.
498 4436 531 4484 c.
548 4409 584 4484 5.
643 4413 730 4488 Non
754 4416 917 4488 multum
942 4412 1031 4486 fidei
1056 4410 1285 4487 tribuendrm

157 4546 242 4596 osso
274 4526 427 4599 videtur
454 4526 627 4603 Ciceroni
651 4532 826 4608 irridenti
850 4532 967 4606 istum
991 4532 1213 4623 rhetorem,
1241 4520 1286 4599 cui

158 4641 236 4714 duo
271 4642 390 4715 millia
425 4642 602 4745 jugerum
630 4652 752 4748 carnpi
778 4650 962 4725 Leontini
986 4652 1035 4722 ab
1059 4650 1117 4721 M.
1143 4642 1287 4721 Antonio

157 4759 343 4861 assignata
368 4757 664 4866 lucrantesque
696 4768 903 4863 immunia,
937 4765 1025 4867 quia
1048 4765 1149 4841 nihil
1174 4778 1288 4867 sapen
