2670 5294
140 674 191 753 lt
488 695 539 749 or
566 696 603 748 ι.
627 696 757 752 vasso
785 700 934 755 roam.

138 888 218 966 quo
248 868 424 940 moranus
455 860 508 938 sit
539 859 743 941 ava-ius
773 872 912 966 poeta,
952 863 1040 970 ejus
1073 875 1184 947 aem
1215 894 1291 948 non

136 983 214 1059 nisi
235 984 416 1061 antivarse
439 982 489 1059 ab
513 980 677 1085 Augusti
699 984 867 1088 imperio
892 995 935 1064 et
949 981 1106 1092 Virgilii
1120 988 1292 1068 llorab'i·

138 1126 237 1203 que,
271 1127 369 1201 quos
393 1101 536 1179 amicos
560 1101 747 1199 habebat,
787 1102 1050 1184 familiaritate
1074 1109 1201 1213 strigo
1224 1110 1291 1188 de·

137 1220 280 1325 signari
304 1223 414 1299 solet.
463 1218 561 1296 Nam
584 1221 761 1299 flonrisse
784 1247 878 1299 eann
900 1248 953 1302 eo
976 1233 1182 1328 tempore,
1212 1248 1290 1328 qno

136 1349 228 1445 post
258 1341 458 1416 duanae
488 1339 680 1417 bellorum
713 1341 886 1420 civilium
918 1344 1056 1421 tumbas
1090 1346 1290 1449 totimqne
1322 1412 1326 1417 .

136 1460 370 1561 reipublicae
396 1459 687 1536 conversionem
719 1485 882 1566 magnus
908 1466 1195 1542 excellentium
1218 1467 1290 1542 ho-

136 1580 288 1659 minum
309 1577 428 1655 fuerit
451 1578 598 1655 Romm
620 1589 851 1681 proventus,
885 1584 1093 1685 perspicua
1116 1610 1196 1663 nos
1220 1586 1290 1662 do-

138 1708 229 1778 cent
252 1699 484 1800 scriptorum
507 1698 740 1775 testimonia.
790 1702 844 1777 At
867 1703 902 1776 si
928 1702 1017 1801 quis
1037 1704 1081 1778 id
1105 1706 1207 1807 agit,
1231 1712 1288 1799 ut,

139 1845 219 1922 quo
244 1844 346 1897 anno
371 1818 437 1895 ille
467 1817 691 1917 adspexerit
722 1819 851 1896 lucem
874 1821 1000 1916 vitae,
1045 1846 1216 1924 eamque
1240 1822 1289 1899 ad

138 1966 257 2043 quem
281 1963 406 2040 usque
424 1936 634 2013 terminum
653 1941 893 2036 extenderit,
919 1941 1093 2041 aliaque,
1119 1966 1226 2042 qaae
1241 1941 1289 2019 da

138 2063 268 2164 magni
292 2055 451 2162 alicujus
476 2057 553 2133 viri
575 2057 656 2134 vita
679 2059 875 2159 rebusque
890 2059 991 2136 scitu
1008 2056 1182 2162 jucsmda
1197 2066 1289 2137 sunt

112 2188 182 2259 ¹et
212 2179 341 2273 utilio,
382 2183 558 2254 asama
591 2186 813 2279 cognoscat,
847 2179 901 2273 is,
935 2202 1038 2279 quae
1061 2181 1142 2258 huo
1166 2180 1289 2283 perti-

138 2306 253 2394 nent,
280 2297 409 2373 omnia
432 2320 505 2398 per
529 2295 736 2396 scriptores
757 2298 938 2372 tenuibus
963 2322 1009 2375 ao
1033 2299 1197 2377 lubricis
1222 2324 1288 2378 ve·

139 2417 259 2521 stigiis
284 2416 513 2516 conquirere
537 2423 578 2490 et
607 2416 816 2515 probabilis
849 2414 1094 2520 conjecturae
1118 2420 1286 2519 quiedam

138 2537 319 2614 felicitate
343 2543 553 2633 utcumque
579 2536 759 2636 supplere
785 2537 913 2611 debet.
964 2536 1146 2633 Accedit,
1181 2536 1284 2637 quod

137 2655 187 2735 L.
203 2654 344 2733 Varius
370 2655 452 2733 sive
477 2653 635 2730 consilio
668 2654 750 2729 sive
782 2652 961 2732 fortsmae
993 2656 1141 2733 invidia
1175 2682 1284 2732 nnm-
1325 2650 1327 2657 ’

138 2800 258 2879 quarn
290 2800 371 2851 non
403 2775 576 2875 privabis
609 2773 766 2848 latuisse
801 2781 842 2848 et
875 2775 924 2849 ab
958 2775 1067 2850 omni
1091 2775 1282 2851 honorum

136 2897 506 2999 magistratuumque
538 2891 868 2968 administratione
901 2901 1073 2968 remotus
1100 2894 1177 2968 sibi
1200 2901 1282 2968 tan-

138 3024 243 3110 tum,
277 3011 409 3088 amicis
435 3017 476 3084 et
498 3008 636 3083 litteris
659 3010 801 3086 vixisse
827 3012 1000 3087 videtum
1035 3037 1115 3111 quo
1141 3010 1281 3088 factm

139 3140 220 3229 est,
252 3138 299 3207 ut
321 3128 395 3206 hac
419 3126 462 3202 in
486 3127 710 3227 quaestione
735 3130 833 3205 nibil
857 3129 981 3207 ferme
1005 3131 1170 3225 habeas,
1206 3152 1280 3230 quo

139 3253 281 3355 pedem
305 3255 412 3326 certo
436 3244 528 3348 figas
552 3255 593 3322 et
615 3243 740 3349 justae
773 3250 1005 3325 narrationis
1032 3248 1143 3327 filum
1168 3272 1281 3327 exor-

139 3394 207 3447 sus
231 3370 382 3468 reliqua
416 3366 616 3444 commode
644 3374 807 3444 attexas.
858 3366 992 3467 Neque
1016 3376 1149 3444 tamen
1172 3391 1281 3471 pror·

139 3512 207 3566 sus
241 3488 423 3590 despero,
457 3485 633 3564 aiamim
671 3512 777 3583 esse,
809 3495 876 3583 ut,
911 3487 1184 3587 scriptoribus,
1219 3485 1281 3588 qui
1324 3564 1327 3587 ἱ

139 3606 189 3685 L.
205 3607 309 3685 Varii
334 3615 473 3708 poetae
498 3607 641 3707 passim
659 3607 897 3702 meminere,
932 3630 986 3682 ex
1011 3606 1148 3684 ordine
1174 3606 1282 3684 chro-

138 3727 317 3833 nologico
342 3727 385 3802 in
409 3726 672 3803 testimoniam
695 3727 863 3821 vocatis,
890 3722 974 3827 eiras
991 3732 1096 3801 aetas
1112 3726 1282 3827 aliaeque

138 3847 244 3928 vitae
268 3872 331 3925 res
356 3855 398 3924 et
421 3846 570 3924 felicius
594 3846 766 3948 indagari
792 3853 833 3921 et
859 3844 1021 3939 certium,
1065 3868 1184 3944 quam
1219 3846 1284 3920 ad-

138 3970 217 4048 hue
250 3969 396 4046 factum
432 3974 513 4067 est,
558 3964 707 4042 definiri
740 3964 901 4065 possint.
954 3963 1104 4056 Quoia
1128 3966 1284 4041 relicet

139 4090 409 4193 praecaeteris
426 4087 638 4164 audiendus
664 4084 714 4159 sit
730 4083 931 4178 Horatius,
955 4080 1004 4155 L.
1019 4081 1128 4158 Varii
1143 4086 1284 4161 amicus

142 4216 184 4285 et
208 4213 311 4313 apud
325 4210 586 4287 Maecenatem
607 4204 817 4297 convictor,
830 4226 922 4302 ,quo
947 4202 1144 4277 neminem
1167 4202 1286 4280 babe-

142 4352 231 4404 mus
256 4338 297 4404 et
322 4328 565 4404 disertiorem
580 4333 620 4401 et
632 4322 924 4423 locupletiorem
938 4319 1011 4395 hac
1022 4320 1065 4394 in
1080 4346 1216 4398 caussa
1228 4328 1287 4400 te·

143 4453 265 4543 mem,
290 4455 421 4523 tamen
442 4455 510 4522 aut
524 4447 567 4519 in
580 4443 747 4521 levitatis
764 4450 832 4517 aut
845 4439 1016 4516 inaniae
1041 4441 1190 4518 crimen
1205 4466 1290 4520 me·

143 4566 221 4644 rito
243 4566 443 4642 incurrere
466 4564 563 4640 mihi
587 4564 761 4659 viderer,
788 4562 822 4638 si
842 4560 936 4637 alios
954 4560 1130 4662 quamvis
1149 4562 1291 4639 dubiae

142 4686 426 4788 medicatisque
449 4684 542 4763 fidei
563 4690 682 4763 testes
712 4677 925 4787 rejicerem.
1027 4738 1032 4746 .
