2670 5294
479 284 684 337 exconsus
712 287 740 335 1.
1110 262 1185 338 309

29 456 153 553 gente
178 447 318 523 Manlio
343 447 628 547 Tei-‹metonnn
662 447 786 524 adhuc
817 458 1011 547 mperstes
1036 447 1181 525 lusisset.

29 568 172 662 Pueri,
206 569 273 667 qni
306 564 466 667 'l'rojam
497 568 685 660 luserant,
730 568 904 642 solebant
935 569 1070 669 galeis,
1114 567 1182 641 he-

30 687 184 761 stilibus
209 685 367 785 aliisque
392 682 651 786 hujuscemodi
676 686 853 783 pmemiis
874 685 993 775 elfici3
1018 686 1182 762 Nonium

32 830 152 881 enne
202 806 438 880 debilitatum
477 830 555 903 quo
588 804 708 905 magis
748 805 956 879 honoraret
995 806 1182 903 citiusque

32 924 318 1017 consolaretur,
362 931 500 1022 torque
537 946 654 997 aureo
695 924 850 999 donavit
882 948 1048 1023 eumque
1082 925 1184 997 Tor·

32 1044 146 1143 «piati
181 1042 336 1117 nemine
370 1042 535 1117 ornavit
605 1042 650 1115 ld
683 1053 812 1115 eutem
846 1068 1056 1144 cognomen
1089 1042 1183 1115 nihil

34 1162 253 1237 ornamenti
284 1161 491 1253 atullisset,
525 1159 557 1235 si
587 1159 673 1257 quis
696 1168 871 1235 veterum
896 1163 1183 1259 Torquetormn

35 1280 270 1372 exstitisset,
305 1302 471 1376 quorum
502 1279 679 1377 princeps
704 1277 867 1353 lemiliae
891 1281 985 1354 illud
1010 1306 1089 1355 non
1116 1282 1183 1353 ‹lc-

34 1397 218 1489 lsilitetis,
260 1399 329 1473 sed
361 1396 596 1472 fortitudinis
631 1420 761 1471 caussa
794 1406 1002 1497 acceperet.
1069 1400 1126 1473 Ac
1151 1400 1183 1471 si

35 1518 125 1617 quis
150 1516 272 1610 dimt,
298 1516 513 1617 Augustinn
538 1515 612 1591 hoe
637 1515 862 1616 cognomine
887 1542 1010 1614 puero
1035 1519 1090 1591 illi
1116 1518 1184 1591 tri-

35 1638 133 1711 buto
157 1636 319 1711 illudere
346 1635 511 1711 voluisse
537 1658 625 1709 eum
651 1642 874 1733 contemptu
903 1636 944 1709 in
971 1637 1187 1733 Torquatos

37 1756 165 1831 adhuc
189 1753 379 1846 viventes,
413 1761 546 1852 utpote
581 1776 673 1827 suos
714 1755 907 1851 quondam
939 1754 1185 1847 adversarios,

39 1884 124 1949 tmn
148 1874 253 1947 ultro
278 1882 454 1971 apparet,
488 1872 616 1970 ipsum
641 1869 804 1946 Nonium
830 1872 942 1946 simul
967 1881 1007 1946 et
1033 1875 1187 1971 quiilom

41 1994 124 2067 sine
168 1990 275 2067 omni
306 1991 482 2065 comnine
521 1989 687 2065 ludibrio
730 1990 904 2065 haliitmn
947 1992 1075 2067 luisse.
1142 1992 1187 2065 le

38 2120 170 2187 nutem
202 2133 317 2209 (litem
355 2110 521 2183 alienum
558 2110 607 2183 sit
639 2132 661 2183 e
694 2118 775 2185 tote
814 2107 928 2210 hujus
970 2112 1027 2185 rei
1059 2120 1188 2212 gestae

37 2254 156 2307 sceno
191 2252 236 2304 oo
268 2228 465 2327 personis,
508 2228 668 2325 quilibet
700 2228 829 2302 sentit.
890 2230 1033 2322 Quodsi
1058 2238 1188 2303 eutem

30 2348 265 2442 statuimus,
301 2348 586 2445 Torquatonms
620 2372 673 2421 ex
698 2355 809 2447 gente
833 2348 973 2422 lllaulie
996 2350 1064 2422 illo
1091 2356 1187 2423 tem-

27 2492 137 2569 pore
162 2466 355 2541 neminem
387 2467 428 2539 in
453 2466 552 2541 vivis
585 2463 724 2557 fuisso,
759 2465 904 2541 idonee.
920 2476 1079 2543 cesena
1105 2490 1188 2541 sese

27 2584 155 2665 offert
185 2585 303 2679 ratio,
345 2608 420 2682 que
461 2586 597 2659 ‹luotus
627 2582 818 2683 Augustus
851 2585 946 2659 illud
980 2609 1190 2685 cognomen

29 2706 168 2783 Nonio
200 2728 323 2805 puero
357 2702 584 2777 attribuerit.
636 2702 769 2776 Voluit
794 2705 887 2778 illml
917 2704 1125 2778 instaurare
1151 2716 1190 2776 et

33 2827 82 2901 in
101 2824 218 2899 vitam
234 2845 417 2898 revocare
434 2828 474 2895 et
499 2821 612 2894 simul
630 2828 710 2894 tam
728 2823 828 2897 clem
853 2822 1010 2897 nomine
1024 2848 1189 2921 puerum

35 2944 155 3019 illum
179 2940 381 3017 honorare.
433 2939 560 3038 Atque
582 2962 628 3012 ee
652 2940 800 3015 notione
827 2940 940 3015 simul
965 2943 1190 3016 existimen-

38 3064 118 3137 ‹lus
152 3066 211 3135 est
245 3056 439 3152 effecisse,
481 3066 543 3153 ut,
584 3060 790 3133 cumillud
817 3084 1026 3160 cognomen
1053 3062 1192 3135 adsue

39 3201 172 3277 neque
197 3185 372 3277 temporo
397 3203 476 3253 non
509 3177 584 3251 nisi
607 3175 756 3251 Manliis
784 3178 1034 3270 edltoesisset,
1075 3202 1191 3253 esuo

39 3298 137 3375 inde
160 3297 322 3395 imperio
345 3297 387 3371 id
412 3296 494 3371 eliis
519 3320 673 3394 quoque
695 3297 867 3397 gentibus
886 3296 1107 3393 impositum
1133 3297 1192 3369 in-

41 3416 250 3495 venirene.
303 3415 378 3507 Qui
402 3415 608 3491 ellertiale
628 3414 736 3489 Libr.
755 3416 805 3488 X.
830 3412 904 3513 Ep.
922 3415 984 3488 79.
1010 3414 1192 3512 perstrin-

43 3536 152 3637 gitur
196 3536 444 3633 Torquatus,
491 3534 566 3609 nisi
607 3542 729 3609 totmn
765 3558 907 3609 nomen
947 3532 1078 3607 fictum
1122 3541 1193 3622 est,

45 3660 153 3731 certe
184 3675 264 3727 non
296 3652 371 3726 luit
406 3676 459 3727 ex
490 3652 653 3728 Manliis.
710 3654 744 3725 A
776 3652 899 3727 Plinio
932 3652 978 3727 Ν.
1003 3651 1051 3725 ll.
1084 3648 1193 3723 Libe.

47 3770 157 3849 xlv.
174 3794 209 3846 e.
223 3770 289 3845 22.
312 3780 631 3847 commemoretur
648 3770 852 3847 Nouelliue
873 3773 1097 3871 Torquatus
1112 3768 1194 3842 illo-

46 3889 279 3967 diolenensis
309 3891 380 3963 sub
406 3889 454 3964 Τ.
481 3889 658 3983 Claudio,
702 3912 819 3988 quem
852 3890 927 3981 eit,
971 3887 1091 3984 epotis
1116 3915 1195 3965 uuo

47 4010 199 4109 impetu
229 4008 353 4083 tribus
393 4007 558 4107 congiis,
611 4005 815 4103 Tricougii
845 4030 1055 4109 cognomen
1087 4007 1196 4084 iuve-

50 4128 168 4203 nisse.
195 4168 250 4183 -
284 4124 366 4201 Sub
399 4125 592 4201 llndrieno
625 4125 685 4199 bis
718 4125 859 4203 Consul
892 4133 974 4201 eret
1011 4128 1053 4203 G.
1078 4127 1198 4203 Belli-

49 4244 139 4323 eiue
168 4248 414 4345 Terminus-s,
456 4252 501 4318 ut
534 4245 674 4320 docent
707 4243 977 4345 Inscriptiones
1008 4270 1069 4346 ep.
1097 4247 1198 4323 Gni-

46 4372 129 4443 ter.
161 4362 306 4442 XVIII.
342 4362 380 4440 5.
428 4360 720 4441 cccxxxvii.
754 4372 795 4441 et
828 4363 1020 4443 chxu.
1057 4366 1117 4441 10.
1148 4404 1199 4418 -
