2670 5294
455 284 505 337 on
533 285 670 337 csssro
697 287 919 339 rasurum.
1189 268 1267 344 237

221 445 319 523 Cum
343 447 457 550 igitur
481 447 657 523 Tibullus
683 451 886 549 postremis
910 450 1012 527 vitao
1038 475 1129 527 suae
1155 454 1266 528 amris

111 568 163 647 ad
189 575 355 643 mortem
389 592 534 666 usquo,
577 592 674 666 quaa
710 570 891 644 accidisse
921 578 1077 668 putatu.-
1102 596 1136 645 a.
1157 573 1205 662 U,
1222 572 1265 647 G.

112 689 227 779 736„
253 687 466 786 ,deperierit
490 685 690 777 Nemesim
725 712 961 787 consequeus
988 698 1043 764 est
1068 692 1265 790 suspicari,

113 815 323 904 utrumque
356 806 453 879 illud
487 829 640 879 carmen
674 805 926 880 Horatianum
961 809 1103 901 serius,
1149 834 1264 907 quam

115 923 313 1025 Spohnius
338 925 538 1022 opinetur,
565 925 746 1022 scriptum
765 949 860 1000 esse.
912 927 1040 1024 Atque
1066 928 1107 1001 in
1131 937 1264 1003 neutro

114 1046 284 1119 carmine
318 1045 527 1143 quidquam
558 1044 768 1141 reperitur,
812 1045 915 1142 quod
943 1047 1034 1121 huic
1059 1048 1264 1146 suspicioni

115 1166 348 1239 adversetur.
400 1162 497 1235 Nam
520 1161 682 1235 Librrun
706 1161 875 1236 Odarum
900 1165 1069 1263 primum
1096 1168 1263 1239 carmina

114 1283 339 1382 complecti,
374 1266 478 1379 quae¹
497 1281 598 1354 intra
624 1304 743 1355 artrros
769 1282 813 1354 U.
833 1282 875 1357 G.
896 1284 1129 1358 718-736.
1157 1309 1263 1359 com·

114 1404 239 1503 posita
272 1384 371 1494 sint,
414 1409 561 1475 certum
586 1409 676 1474 est.
746 1400 877 1498 Neque
910 1405 1040 1495 obest,
1085 1406 1189 1502 quod
1222 1406 1264 1478 in

113 1521 283 1620 Epistola
304 1520 450 1617 forum
484 1520 665 1593 tribuitur
700 1519 873 1613 Tibullo,
916 1544 1033 1618 quem
1058 1522 1263 1597 verisimile

115 1641 167 1715 sit
204 1641 392 1739 proximis
435 1647 521 1714 aute
554 1646 718 1712 mortem
760 1639 869 1711 anuis
905 1663 1042 1736 corpus
1085 1640 1263 1715 habuisse

112 1760 261 1835 morbis
287 1759 462 1856 curisque
493 1766 738 1831 maceratum.
799 1756 896 1830 Nam
909 1759 1056 1854 forma
1082 1783 1148 1832 seu
1163 1760 1263 1856 sor-

110 1877 279 1952 mositcs
313 1878 451 1951 dicitur
483 1878 532 1951 de
566 1876 705 1950 decora
740 1877 910 1973 corporis
945 1879 1071 1974 specio
1105 1887 1145 1952 et
1177 1884 1262 1976 apta

111 1997 286 2074 omnium
310 1995 478 2093 partium
503 1995 800 2093 compositione,
827 2020 923 2091 quae
939 2005 1091 2070 moveat
1107 1998 1262 2071 alterius

112 2115 288 2190 animum
314 2122 354 2188 et
380 2114 427 2187 ad
452 2115 739 2190 venerationem
775 2114 954 2204 adducat,
991 2115 1044 2188 ita
1079 2125 1120 2188 ut
1146 2116 1261 2189 etiam

110 2258 236 2308 senex
261 2232 444 2331 appellari
469 2239 585 2330 ‹preat
598 2231 835 2328 formosus,
861 2256 940 2305 uon
966 2233 1060 2305 item
1084 2235 1260 2332 pulcher,

111 2352 341 2426 observante
371 2350 541 2426 Marurtio
574 2353 624 2424 ad
659 2347 850 2424 Ciceronis
883 2348 1002 2448 Epist.
1033 2354 1082 2425 ad
1107 2353 1259 2426 Divers.

110 2468 183 2543 lx.
214 2471 271 2544 14.
297 2479 328 2559 §.
346 2470 384 2544 9.
444 2468 529 2543 Non
561 2469 677 2571 igitur
711 2477 787 2561 est,
823 2470 925 2565 quod
951 2470 1039 2543 ideo
1067 2472 1115 2544 de
1139 2471 1259 2564 Delia,

109 2589 238 2688 prima
270 2587 416 2661 Tibulli
448 2612 558 2682 cura,
601 2589 724 2663 aliave
760 2587 888 2686 puella
922 2589 1144 2688 cogitemus.
1211 2587 1261 2663 Et

110 2715 224 2782 acuta
257 2708 372 2781 etiam
408 2715 540 2781 monet
573 2688 803 2800 ⁴Passovius,
848 2709 966 2782 verba
1001 2709 1074 2782 ista
1114 2707 1260 2782 Horatii

109 2852 151 2903 v.
177 2827 216 2900 3.
250 2852 322 2900 cur
353 2825 428 2907 tibi
443 2825 583 2920 junior
605 2834 676 2899 eto.
715 2850 796 2899 non
831 2849 943 2922 posse
970 2829 1169 2901 commode
1194 2851 1260 2902 re·

109 2944 206 3020 lerri
237 2945 310 3018 nisi
342 2947 390 3018 ad
424 2970 515 3019 erun
549 2944 765 3036 Tibullum,
811 2944 878 3042 qui
909 2940 987 3042 jam
1020 2955 1147 3020 aetate
1168 2970 1259 3043 pro·

108 3070 244 3139 vectus
270 3062 440 3138 Nemesis
467 3088 597 3138 amore
623 3063 792 3161 perierit.
843 3061 972 3157 Addo,
1000 3067 1103 3162 quod
1122 3065 1259 3167 Tibul·

109 3182 173 3255 lus
199 3180 307 3255 Libr.
323 3181 374 3254 Π.
400 3181 506 3283 Eleg.
528 3182 565 3254 4.
590 3207 629 3256 v.
646 3181 709 3255 53.
733 3182 892 3274 metuit,
926 3204 975 3254 no
1007 3179 1185 3280 jubeatur
1209 3185 1257 3256 ab

110 3323 227 3376 avara
250 3299 402 3375 Namesi
436 3301 567 3375 villam
597 3324 705 3373 suam
729 3302 913 3376 rendere.
974 3300 1047 3372 Ubi
1071 3301 1257 3395 locorum,

109 3442 275 3519 quaeso,
302 3420 396 3493 haec
423 3418 535 3492 citius
559 3417 780 3516 faciliusque
806 3417 842 3489 ci
866 3417 905 3488 in
931 3424 1103 3490 mentem
1126 3419 1258 3492 venire

109 3545 288 3637 poterant
314 3562 430 3635 quam
456 3537 705 3612 'commoranti
738 3536 779 3609 in
804 3535 892 3611 villa
916 3535 1070 3609 Pedana
1096 3544 1133 3611 et
1157 3538 1257 3611 hauc

108 3654 281 3757 Elagiam
305 3680 462 3755 prorsus
485 3656 740 3729 miserabilem
772 3649 974 3747 exaranti?
1006 3655 1152 3728 Idcirco
1177 3656 1258 3729 llo-

106 3773 230 3848 ratius
261 3774 305 3848 in
338 3773 505 3873 Epistola
542 3798 633 3848 eum
666 3773 786 3848 amice
821 3775 1001 3847 admonet
1026 3774 1256 3868 divitiarum,

107 3916 204 3992 quas
236 3894 450 3992 possideat,
490 3900 528 3968 at
559 3893 678 3968 victus
711 3892 844 3965 mundi
878 3899 916 3967 ot
949 3917 1153 3968 crumenae
1178 3920 1256 3970 non

107 4195 274 4272 Dulcius,
296 4207 327 4260 et
343 4218 408 4260 cum
423 4194 557 4260 Nemesis
574 4199 662 4272 dura,
684 4210 718 4258 ut
738 4198 873 4277 vidimus,
895 4209 924 4258 et
943 4156 1026 4260 saeva
1049 4213 1126 4263 esset
1146 4204 1255 4279 puella,

106 4304 159 4360 per
178 4302 269 4346 snare
290 4305 452 4364 oxymoron
473 4286 637 4362 appellatur
658 4288 776 4346 imunitz's
793 4285 940 4366 Elyma,
963 4284 1013 4348 dic
1032 4286 1159 4351 onblde
1172 4286 1256 4346 Huz-

107 4367 178 4447 aea,
200 4380 236 4433 ιιι
254 4352 479 4435 ustulatum
499 4392 531 4449 p.
547 4377 623 4435 sao.
645 4370 715 4433 eut
736 4378 766 4434 1.
