2686 5236
97 660 145 735 18
445 680 495 733 on
522 682 559 731 r.
577 678 702 733 vasso
729 677 875 733 νοω.

94 845 205 947 parvi
237 842 461 923 ledendum
491 844 671 921 arbitror.
722 844 830 921 Unus
863 850 923 939 et,
965 842 1074 943 qnod
1107 840 1233 933 suan,

93 966 243 1066 primus
272 964 425 1043 Isaaesss
441 964 604 1041 Vossius
636 964 687 1039 ad
720 962 856 1041 catull.
881 988 922 1063 p.
940 964 1005 1039 22.
1039 962 1094 1037 ob
1119 958 1234 1037 Gosll.

94 1084 284 1161 llstorum
306 1084 526 1163 testimonia
542 1084 755 1183 suspieatus
771 1090 852 1177 est,
877 1081 927 1157 L.
951 1083 996 1161 V
988 1080 1126 1157 erim
1148 1102 1234 1181 pos·

95 1212 195 1299 tam,
220 1206 270 1281 ‹le
295 1230 374 1305 quo
391 1205 558 1307 agimus,
583 1204 648 1279 hie
661 1228 777 1303 posse
794 1202 970 1304 intelligi.
1020 1202 1128 1277 llsee
1142 1199 1233 1277 Vos·

95 1323 202 1399 sinuo
227 1320 447 1426 eonjeeturn
470 1321 645 1424 profeeto
670 1323 786 1424 (ligna
809 1328 915 1417 erut.
958 1344 1060 1420 quae
1084 1342 1233 1397 ιωιιι·

95 1442 173 1517 tius
188 1445 493 1537 examinaretur,
518 1466 637 1543 qvvam
659 1440 804 1517 naam
820 1449 880 1518 est
897 1442 948 1517 ab
964 1440 1082 1519 Ever.
1097 1438 1233 1517 otton

96 1561 173 1637 le.
190 1560 283 1662 Cup.
300 1561 369 1637 IV.
394 1565 480 1655 §.2
508 1589 548 1662 p.
569 1560 703 1656 1649„
735 1563 806 1661 qui
830 1560 1013 1638 Vossium
1036 1560 1138 1637 levis
1161 1582 1235 1635 me·

98 1682 345 1759 tadnronirmi
374 1681 588 1776 irraimsvlat,
631 1704 721 1755 eum
755 1681 914 1775 Varius,
956 1688 1072 1781 poeta
1113 1680 1235 1781 epita!

97 1809 140 1876 et
161 1803 349 1904 engiens,
384 1801 533 1877 Catullo
557 1797 687 1902 jvmior
710 1798 846 1894 livent,
880 1800 1063 1875 Pollionis
1085 1806 1132 1875 et
1154 1796 1237 1873 Vir·

96 1920 177 2021 gilii
209 1922 397 2019 nequalis,
438 1922 503 1997 essi
536 1920 654 1995 etism
683 1919 973 2019 supervixisset.
1024 1920 1117 2013 Qua
1135 1918 1179 1993 in
1197 1938 1237 1993 re

99 2039 236 2115 Virmn
252 2042 419 2116 lloettun
442 2038 602 2115 mirifiee
625 2063 699 2113 nee
724 2039 809 2113 sisse
834 2039 1045 2137 eupiditate
1058 2036 1237 2141 nrgsrtnri

97 2158 141 2231 in
163 2158 294 2258 eprieo
319 2166 391 2234 est.
441 2158 519 2234 Nos
549 2182 706 2257 (proque
731 2158 955 2252 statuimus,
981 2157 1150 2233 Varium
1172 2154 1239 2233 Cs-

98 2278 194 2353 tullo
219 2278 365 2377 aliquot
388 2278 491 2355 vitae
516 2276 628 2352 esuris
660 2278 842 2353 eessisses
885 2284 927 2352 et
958 2278 1054 2376 quid
1086 2278 1239 2353 tandem

98 2396 278 2496 impetit,
304 2422 383 2496 quo
400 2396 528 2471 minus
546 2420 613 2471 eos
629 2395 868 2471 familiariter
884 2393 1114 2497 eonjunetos
1128 2396 1240 2473 fuisse

100 2510 299 2591 ‹Heamvrsi
348 2516 396 2591 lu
416 2516 468 2590 Is.
484 2514 613 2590 Vossii
632 2516 862 2591 senteutiam
877 2518 1104 2615 nuperrime
1121 2526 1240 2593 truns-

97 2635 144 2709 iit
186 2634 364 2711 Osannus
403 2636 453 2711 atl
492 2632 644 2735 Apulei.
670 2636 709 2709 ‹l.
742 2634 923 2737 Ortlsogr.
948 2645 979 2725 1.
1002 2637 1067 2711 43.
1103 2664 1144 2737 p.
1162 2638 1238 2731 68„

99 2750 207 2855 enim
224 2755 309 2830 Viri
334 2756 476 2858 egregii
500 2778 688 2831 eonsensu
712 2778 947 2857 magnopere
961 2756 1129 2830 laetatus
1147 2780 1237 2831 svm

98 2874 195 2950 Nam
219 2883 263 2948 ut
285 2900 357 2976 ego
381 2875 424 2949 in
449 2874 586 2950 Catulli
605 2873 784 2967 Gennine
803 2876 855 2948 X.
881 2874 1052 2949 Locim
1073 2876 1121 2953 V
1111 2876 1236 2951 eram

99 3001 256 3091 poetam
274 2994 511 3088 invenirem,
536 2990 696 3093 mejam
714 2996 862 3069 «ludum
877 2994 1073 3094 permovit
1091 2996 1134 3073 G.
1153 2994 1234 3073 cte

98 3113 345 3189 memoratio
370 3138 409 3189 v.
425 3112 512 3207 ³0„
536 3113 605 3187 ubi
629 3113 769 3188 Varius
793 3114 957 3213 loquens
978 3114 1193 3191 issdueiturs

330 3251 473 3340 Messe,
498 3274 581 3341 me,
607 3248 739 3350 inquii
756 3251 936 3351 puellae:
1033 3246 1039 3257 ²

229 3370 366 3460 Istud,
400 3370 504 3470 qued
525 3370 641 3443 suedo
666 3368 850 3442 divertam
873 3394 935 3443 me
959 3368 1117 3465 haben,

229 3487 351 3585 Fugit
372 3512 435 3563 me
457 3486 586 3578 retie3
611 3514 721 3563 meua
745 3488 895 3565 sedulia

230 3606 358 3721 Cinna
383 3619 441 3683 est
467 3608 614 3705 Galata,
638 3606 678 3683 is
702 3606 780 3683 asli
796 3606 1039 3711 peravit¹⁴).

189 3866 240 3943 11)
260 3860 296 3926 ln
314 3864 374 3926 loci
395 3860 551 3926 Catulliani
577 3865 701 3928 lectione
728 3877 758 3927 et
786 3867 1021 3943 interpretatione
1040 3876 1160 3927 seentss
1178 3882 1231 3928 ιι
1255 3928 1258 3955 Ι

99 3953 240 4013 rationem
257 3949 386 4030 Silligii‚
418 3950 495 4011 lnutl
516 3953 660 4013 immerito
687 3955 774 4014 etiarn
792 3954 897 4013 tuentis
917 3973 1009 4028 nuper
1029 3964 1129 4013 eontm
1150 3948 1233 4013 Inal-
1255 3960 1258 4029 ξ

100 4060 235 4099 mannum
263 4039 331 4100 leet.
356 4034 448 4098 codd.
475 4040 572 4118 inquii
599 4060 652 4114 pro
678 4042 780 4119 inquio
804 4038 926 4114 puellos
953 4040 984 4099 in
1009 4036 1110 4099 Julsuii
1131 4036 1231 4099 Amal

100 4122 178 4185 Plu.
195 4136 224 4185 et
239 4123 362 4203 Psedag.
380 4120 454 4184 Vol.
466 4122 556 4184 Xlll.
572 4132 600 4184 1.
623 4146 653 4199 p.
671 4132 744 4186 289.
790 4123 823 4183 ln
845 4146 880 4185 ea
902 4134 997 4183 temen
1019 4124 1056 4183 ab
1077 4127 1173 4186 amisa
1191 4122 1233 4183 ls-

101 4212 226 4269 ctissisno
252 4210 391 4285 discessi,
425 4210 502 4287 quovl
529 4232 701 4285 praenomen
724 4208 833 4271 Cinnae
853 4211 945 4291 th‘sss
971 4212 1051 4287 typis
1078 4214 1235 4287 exprim·

101 4294 169 4353 vlnvn
191 4299 287 4356 cassavi
311 4297 425 4378 (injus,
453 4307 487 4357 ut
506 4297 602 4357 secere
621 4298 680 4371 jam
701 4294 901 4357 Lachmannus
922 4306 952 4357 et
972 4298 1141 4371 nuperrime
1161 4298 1235 4359 α’-

102 4378 286 4459 Deeriugius.
332 4381 374 4443 lia
403 4382 441 4442 ‹la
471 4403 504 4442 re
530 4392 650 4459 egenvut
671 4380 868 4462 Quintilianus
891 4382 963 4443 lust.
987 4379 1043 4441 0r.
1062 4378 1151 4445 Libr.
1168 4380 1235 4443 1.·1.

103 4465 131 4542 p
150 4472 201 4527 2⁸.
226 4468 294 4543 ibiq.
318 4466 469 4545 Spalding.
484 4465 557 4528 Vol.
571 4466 595 4527 l.
613 4490 643 4543 p.
659 4475 732 4531 187.
756 4478 784 4529 et
805 4466 994 4528 Terentianus
1012 4464 1113 4527 Maur.
1128 4488 1158 4529 v.
1170 4472 1235 4531 893.

101 4553 170 4627 ibiq.
193 4550 347 4612 Snuteaius
367 4575 397 4628 p.
411 4558 452 4614 ³5
463 4574 527 4629 sq„
550 4555 720 4629 qvvibvsscum
740 4565 854 4630 praeter
873 4552 981 4615 Norisii
999 4548 1165 4629 Geuotspls.
1183 4550 1237 4613 ΡΙ.

103 4636 227 4697 Dissert.
245 4634 302 4699 lV.
325 4660 351 4698 e.
368 4644 451 4714 5η.
465 4644 539 4701 175.
571 4640 743 4701 conserenda
770 4650 836 4700 suut
864 4659 938 4715 qune
965 4638 1125 4713 disputavit
1155 4636 1236 4700 Gerr.

101 4720 294 4783 Schneiderus
321 4726 353 4783 ia
384 4720 542 4785 Grammat.
565 4724 633 4786 Lat.
648 4726 674 4787 l.
693 4734 723 4787 1.
753 4747 784 4800 p.
800 4731 862 4787 232
880 4745 926 4802 sq.
958 4735 988 4784 et
1018 4744 1093 4799 quae
1126 4724 1240 4803 collegit

91 4806 272 4897 ,Euentu
300 4810 338 4871 ad
357 4807 508 4873 Waltlseri
528 4808 661 4873 'l'scituns
687 4812 725 4873 vla
745 4808 842 4875 oran.
865 4832 892 4875 e.
907 4816 959 4874 17.
980 4832 1012 4889 p.
1027 4816 1090 4875 289
1104 4830 1153 4891 sq.
1195 4806 1239 4871 Er
