2670 5294
148 680 200 757 54
505 702 555 753 mr
583 703 619 753 a.
639 700 763 752 varro
792 699 935 751 roera.

150 867 283 960 oisset,
323 872 368 939 ut
399 871 505 941 reete
539 870 671 941 oenset
705 861 1040 964 Venderbourgius
1073 862 1126 937 ad
1148 860 1280 939 Horatii

149 984 235 1061 Vol.
248 983 281 1059 I.
306 1010 345 1084 p.
362 985 452 1059 329.
513 983 599 1083 Quo
634 990 809 1081 tempore
840 981 1027 1057 Horatius
1050 981 1160 1056 illam
1192 979 1282 1056 Sati·
1329 1002 1331 1044 1

149 1129 234 1181 rom
268 1106 471 1198 exarabat,
506 1103 688 1204 Virgilius
722 1102 887 1177 desierat
919 1100 1079 1203 Eulogos
1115 1101 1282 1193 scribere,
1329 1099 1331 1108 ’

151 1248 247 1321 qnos
281 1248 315 1298 a.
341 1223 386 1297 U.
413 1222 455 1296 C.
478 1223 568 1297 717.
601 1247 680 1295 uno
711 1217 859 1321 junctos
892 1221 1087 1298 volumine
1114 1219 1282 1312 ediderat,

149 1351 192 1418 ot
215 1339 294 1443 jam
319 1342 486 1415 intentus
513 1347 597 1416 erat
622 1339 838 1441 Georgicis,
865 1363 964 1437 quae
988 1338 1200 1416 absolvisse
1222 1363 1284 1437 pn·

150 1468 254 1535 tatur
278 1483 313 1533 a.
331 1459 376 1533 U.
393 1457 436 1533 C.
454 1458 597 1556 724⁴⁵).
647 1459 775 1557 Atque
800 1459 875 1533 hoe
900 1457 1173 1556 perpulchrum
1189 1480 1284 1556 opus,

151 1580 256 1678 quod
280 1578 428 1653 Maroni
452 1580 661 1680 gaudentes
681 1602 773 1652 rnre
789 1577 1002 1652 camoenae
1017 1572 1106 1676 jure
1122 1575 1286 1650 sununs
1313 1644 1316 1649 .

51 1751 56 1757 -
152 1699 352 1792 dionutrr,
394 1699 490 1796 quin
522 1697 586 1771 bie
619 1699 668 1772 ab
701 1697 862 1772 Horatio
895 1696 1152 1796 intelligatur,
1185 1718 1286 1771 neruo

153 1816 354 1892 dubitabit.
415 1817 466 1890 At
501 1816 635 1891 Varius
661 1816 800 1890 eodem
828 1815 899 1905 illo
920 1822 1096 1913 tompore
1123 1825 1170 1889 ut
1193 1816 1287 1915 prin·

152 1961 242 2039 ceps
267 1943 467 2036 poetarum
500 1934 700 2035 epicorum
735 1935 966 2009 celebrabar:
1001 1958 1095 2008 nam
1117 1946 1166 2008 ot
1189 1956 1289 2008 norro
1329 1956 1331 1979 ⁵

153 2057 389 2154 aequalium,
422 2055 547 2154 inquit
570 2053 772 2147 Horatius,
815 2079 907 2127 acer·
931 2052 1040 2128 ducit
1052 2053 1173 2152 sorte
1195 2079 1288 2154 epos.

154 2170 399 2249 Ostendimus
424 2181 551 2247 autem
575 2196 690 2272 snpra
714 2182 747 2263 ς.
769 2174 828 2267 6.,
859 2169 940 2274 jam
963 2197 1062 2248 anno
1084 2172 1132 2248 U.
1150 2172 1196 2250 C.
1212 2175 1289 2251 714.

241 2428 299 2504 45)
328 2426 504 2490 Gonlsrotnr
529 2426 688 2491 Massones
712 2430 744 2489 in
770 2426 846 2490 ano
874 2424 1006 2489 Reserat.
1031 2423 1111 2490 Soet.
1130 2424 1192 2491 ΠΙ.
1220 2450 1245 2492 e.
1264 2435 1290 2493 t.

154 2535 185 2590 p.
199 2519 252 2576 67.
274 2526 304 2576 et
325 2511 402 2574 Soet.
421 2512 478 2577 lll.
502 2535 528 2576 e.
549 2514 580 2577 5.
603 2538 633 2593 p.
654 2523 727 2578 121.
752 2525 798 2591 et,
827 2516 877 2591 qui
898 2524 987 2574 totam
1006 2512 1080 2574 bene
1101 2518 1290 2591 quaestim

154 2601 284 2674 inprimis
314 2612 444 2661 accurate
471 2611 501 2661 et
526 2603 677 2676 perspicue
708 2601 855 2676 tractavit,
883 2596 1005 2661 Jabnins
1033 2601 1063 2659 in
1091 2597 1292 2663 latrocimis

153 2682 264 2763 Virgil.
284 2708 312 2762 p.
328 2683 408 2748 XX.
425 2706 489 2762 sqq.
533 2683 616 2745 Hanc
635 2687 672 2746 de
686 2685 770 2745 editis
782 2683 932 2762 Georgicis
952 2687 1122 2746 sententiam
1141 2688 1293 2748 ratiombas

152 2791 212 2831 non
233 2784 277 2831 sat
297 2772 408 2832 idoneis
428 2774 599 2848 impugnans
619 2769 649 2834 J.
668 2770 710 2832 Η.
725 2768 853 2833 Vossius
874 2771 912 2831 sd
932 2768 1045 2848 Virgil.
1058 2769 1180 2850 Georg.
1200 2794 1230 2850 p.
1247 2777 1293 2835 48.

155 2868 185 2916 et
215 2859 289 2920 528.
317 2877 382 2934 sqq.
413 2860 443 2917 in
473 2879 507 2917 es
538 2868 583 2918 est
610 2858 766 2933 sententia,
805 2866 839 2916 nt
866 2868 931 2917 suto
962 2877 1067 2917 anunm
1096 2855 1135 2918 U.
1162 2854 1199 2921 G.
1224 2862 1292 2921 734.

155 2941 229 3001 illud
260 2961 332 3018 opus
363 2943 524 3002 absolutum
553 2945 769 3019 expolitumque
801 2963 866 3002 esse
893 2953 990 3020 neget.
1044 2939 1122 3002 Mibi
1143 2942 1296 3004 verisimile

155 3027 286 3102 videtur,
327 3025 490 3102 Virgilium
523 3027 561 3087 ds
597 3029 745 3087 scribenda
775 3025 911 3089 Aeneide
945 3046 1003 3088 uon
1036 3031 1117 3104 prius
1149 3032 1296 3108 cogitasse,

157 3131 243 3186 qnam
273 3110 416 3186 Georgica
448 3112 634 3172 absolvisset:
674 3113 747 3172 illud
779 3125 874 3174 aulem
906 3114 1059 3174 eonsilium
1088 3123 1118 3175 st
1138 3127 1252 3192 copton
1271 3126 1297 3175 st

156 3197 303 3271 volgatum
331 3195 423 3255 brisso
450 3198 556 3256 scimus
577 3218 603 3259 a.
622 3194 660 3258 U.
680 3194 715 3259 G.
735 3205 808 3263 728.
833 3220 885 3259 seu
908 3205 1001 3273 729„
1036 3220 1094 3276 quo
1122 3220 1199 3263 auno
1227 3201 1297 3263 Ρη·

156 3284 267 3357 pertius
285 3278 372 3342 Libr.
393 3279 433 3341 ll.
464 3279 549 3359 Elsg.
569 3289 619 3344 25.
643 3304 671 3344 r.
689 3290 742 3345 61.
764 3287 898 3360 scripsit:

335 3366 434 3428 Aetio
457 3363 623 3444 Virgilium
643 3367 771 3431 ennodio
790 3370 895 3430 liuore
914 3366 1034 3445 Plasta,

424 3452 562 3514 emmo
582 3467 610 3515 et
620 3457 727 3537 for-sss
745 3453 844 3517 dicere
860 3478 950 3533 posse
968 3470 1060 3518 rotor.

340 3535 403 3621 Qui
420 3560 500 3600 sune
520 3539 645 3600 Aesacos
669 3541 800 3624 Trojano·
818 3545 941 3603 nescient
957 3564 1055 3618 ormo,

423 3624 571 3706 Jacmque
592 3624 718 3687 Lewisis
738 3631 853 3688 moenio
872 3625 1029 3689 liuoribus.

339 3705 442 3770 Gadita
462 3709 592 3772 Ronussi
608 3717 783 3788 seripnorss,
805 3711 898 3774 cedite
922 3712 1033 3794 Grnji=

425 3795 533 3858 Nescio
552 3796 628 3876 qnid
645 3800 743 3879 majus
761 3802 896 3859 noscitur·
915 3797 1030 3860 Iliade.

156 3870 237 3934 Vide
244 3869 394 3953 Heynium
409 3881 439 3940 in
450 3878 560 3958 Virgil.
572 3880 709 3958 Vin-per
726 3905 752 3943 a.
769 3884 829 3959 dig.
844 3883 881 3944 ad
901 3905 928 3945 a.
940 3881 978 3944 U.
989 3881 1023 3944 G.
1035 3882 1109 3944 785.
1126 3874 1297 3958 mcxxv.

156 3957 242 4040 Quas
270 3959 403 4025 Donatus
432 3968 462 4025 in
491 3964 556 4028 Vit.
587 3964 696 4044 Virgil.
730 3989 758 4030 c.
783 3967 875 4029 Xlll.
905 3969 934 4045 §.
957 3976 1009 4031 60.
1036 3968 1073 4029 ds
1095 3963 1299 4045 Georgicum

157 4045 355 4110 emendatione
377 4062 533 4127 memorat,
564 4072 599 4113 ea
620 4056 785 4130 neutiquam
812 4076 918 4115 arere
938 4054 1109 4129 abhorrent,
1138 4055 1242 4130 eisque
1258 4052 1299 4113 is-

157 4133 212 4190 eile
242 4134 305 4193 tolli
336 4155 423 4210 posse
451 4137 583 4198 videntur
613 4137 813 4213 difficultates,
852 4136 1189 4215 quotminus
1208 4144 1300 4198 mord

157 4236 195 4275 ex
216 4221 362 4280 nonnullis
385 4219 469 4283 Libri
488 4221 545 4285 ΙΙΙ.
568 4233 597 4283 et
617 4221 675 4284 lv.
699 4226 827 4300 partibus
846 4228 989 4300 repetitas.
1033 4222 1112 4284 Illud
1129 4233 1228 4284 autem
1242 4243 1301 4285 oar·

156 4313 216 4359 tum
239 4315 283 4361 est
304 4319 390 4380 atque
410 4310 543 4384 evidens,
565 4307 688 4369 Horatio
711 4308 835 4370 Satiram
858 4309 941 4370 Libri
959 4311 984 4372 Ι.
1007 4307 1151 4371 desinon
1170 4308 1304 4371 suited

157 4384 296 4445 nihildum
318 4389 356 4449 de
376 4391 510 4456 Aeneide
531 4397 615 4456 amici
636 4397 681 4455 sni
704 4397 870 4456 innotuisse.
922 4393 1029 4457 Contra
1050 4393 1178 4455 Ovidius
1199 4393 1303 4465 Amor.

157 4468 241 4530 Libr.
261 4470 286 4532 1.
318 4472 403 4552 Elcg.
423 4486 493 4554 tin,
524 4481 600 4557 qnod
629 4501 701 4557 opos
731 4483 766 4540 ob
794 4482 848 4540 illo
876 4480 944 4541 inde
973 4501 1047 4542 auno
1069 4477 1107 4541 U.
1123 4477 1165 4541 G.
1182 4486 1308 4543 732-

159 4561 233 4617 746.
266 4565 455 4633 compositum
490 4586 556 4626 esse
588 4567 672 4627 docet
698 4564 820 4628 Jabnius
847 4569 878 4626 in
906 4565 1064 4629 latrodnet.
1093 4587 1124 4642 p.
1149 4570 1226 4629 225.
1250 4585 1308 4644 η,

158 4637 320 4720 Virgilium
342 4646 378 4704 ob
400 4649 519 4724 triplicis
540 4655 654 4727 generis
676 4655 798 4712 earmina
818 4663 930 4727 poterat
948 4653 1069 4713 laudere
1089 4672 1119 4714 v.
1137 4658 1192 4719 2⁵.

281 4728 410 4808 Tityron
431 4737 587 4817 refragor
607 4737 784 4820 Aeneiaque
803 4759 890 4798 mro
910 4736 1056 4817 lsgcntur,

362 4813 460 4878 Rostro
478 4819 653 4898 triumphari
671 4820 744 4884 duas
762 4837 853 4901 mast
872 4821 954 4885 orio
972 4826 1040 4885 sris.
