2670 5294
491 296 695 347 excursus
723 298 785 345 111.
1134 259 1230 344 153'

55 458 87 533 l.
103 480 140 533 o.
164 482 207 557 p.
223 456 288 533 3³.
347 456 394 533 ld
427 465 539 537 extra
571 482 729 537 omnem
764 457 1039 535 dubitationem
1062 465 1210 559 pontem

62 575 214 653 Horatii
238 576 359 654 verba
382 602 421 655 v.
435 578 519 654 liu:
1130 570 1133 577 ’

246 694 323 775 Oui
343 696 487 771 laum
510 708 693 774 aeternos
716 698 886 775 bonores

300 813 528 889 Dalmatico
551 816 708 917 peperit
731 816 945 920 treismpbo.

60 934 264 1011 Massones
295 941 327 1023 l.
355 938 394 1009 7.
426 933 469 1009 in
499 936 628 1011 medio
657 936 863 1036 relinquit,
901 962 980 1037 quo
1004 934 1101 1011 haee
1125 931 1211 1009 oea

60 1054 203 1154 seripta
238 1053 290 1127 sit
321 1076 421 1129 anno
453 1062 643 1155 negatque
678 1063 781 1131 oerto
807 1054 956 1131 deliniri
981 1076 1113 1155 posse:
1157 1052 1211 1127 ita

60 1173 180 1249 otiam
204 1168 539 1273 Venderbourgius
563 1175 611 1247 ad
629 1175 762 1249 Horat.
781 1176 868 1251 Vol.
887 1175 919 1249 l.
944 1201 984 1275 p.
994 1169 1083 1251 205.
1124 1169 1211 1249 lam

60 1292 150 1367 lieet
176 1298 343 1386 oonstet,
368 1287 602 1386 Pollionem,
636 1301 720 1367 aeto
744 1294 958 1393 triumpho,
984 1290 1210 1367 abstinuisse

60 1409 170 1486 omni
193 1417 306 1509 parte
328 1409 560 1508 reipublicae
584 1410 903 1488 admisristrantlae
933 1419 973 1488 et
994 1412 1037 1486 in
1062 1410 1141 1485 otio
1167 1433 1212 1485 eo

62 1551 220 1605 seoessu
251 1528 465 1603 litterarum
490 1529 623 1604 studiis
647 1529 809 1624 vixisse3
845 1538 974 1605 tamen
998 1527 1114 1605 valde
1138 1527 1212 1601 ‹lu-

61 1646 172 1722 bium
212 1654 289 1740 est,
328 1672 423 1722 num
454 1655 545 1722 ante
579 1647 810 1724 debellatum
844 1649 897 1724 M.
920 1646 1130 1724 Antonium
1162 1646 1213 1721 «le

62 1764 336 1842 oonsoribeoda
357 1765 548 1842 bellorum
581 1766 751 1843 civilium
783 1768 941 1844 historia
978 1765 1213 1865 eogitaverit.

61 1882 264 1959 Neminem
296 1884 400 1959 enim
429 1884 555 1960 minus
579 1910 696 1984 quam
718 1888 930 1963 Pollionem
953 1891 1133 1987 poterant
1157 1883 1214 1958 la·

61 2011 147 2079 tere
188 2002 379 2105 glisoentis
415 2002 519 2078 iuter
553 2004 754 2081 Gaesarem
796 2004 1045 2083 Octavianum
1085 2011 1125 2077 et
1158 1999 1213 2073 M.

62 2121 274 2198 Antonium
307 2122 519 2199 ‹lisoordiae
543 2124 718 2223 igniculi,
754 2126 877 2200 serius
902 2123 1007 2199 ooius
1032 2123 1075 2197 in
1100 2144 1215 2220 aper-

61 2250 148 2315 tum
173 2242 347 2339 empturi
369 2242 529 2318 bellum.
579 2244 708 2342 Atque
733 2245 783 2317 ad
807 2244 878 2317 hos
902 2240 1114 2342 prinoipes,
1139 2237 1214 2312 mi·

60 2360 171 2434 rrime
196 2360 246 2434 ed
261 2357 490 2463 Pompeium
512 2362 567 2439 M.
585 2371 626 2437 et
642 2362 786 2440 lulium
803 2361 1016 2457 Caesarem,
1040 2362 1215 2459 spectaro

61 2486 161 2578 puto
184 2502 225 2555 v.
241 2480 376 2558 6-8.
417 2510 420 2515 ·

186 2596 435 2673 Periculosae
455 2584 618 2701 &buum
642 2624 742 2701 opus
765 2600 877 2676 oleae

251 2720 445 2812 Tractus,
471 2730 511 2793 et
533 2718 680 2795 incedis
698 2746 776 2822 por·
797 2719 910 2818 igneos

306 2836 537 2938 Suppositos
561 2837 688 2914 cineri
710 2839 856 2916 doloso.

66 2955 168 3033 Cum
199 2952 407 3056 Pompeius
442 2964 481 3031 et
515 2956 653 3033 Caesar
684 2958 829 3034 dudum
861 2980 885 3033 e
917 2954 1047 3032 medio
1081 2952 1218 3029 sublati

64 3083 219 3169 essent,
259 3074 357 3149 nibil
397 3076 557 3174 periurli
597 3077 761 3152 babebat
802 3098 983 3152 enarrare
1020 3072 1217 3149 historiam

66 3194 162 3271 belli
186 3194 237 3270 eb
261 3202 430 3293 utroque
454 3195 563 3296 gesti.
612 3196 666 3270 At
690 3194 976 3289 simemineris,
1002 3193 1217 3268 Pollionem

66 3310 373 3416 oonjunotiorem
398 3336 552 3412 semper
566 3312 685 3389 brisso
703 3313 756 3388 M.
774 3312 961 3406 Antonio,
986 3310 1218 3409 iniquiorem

67 3432 303 3525 Octaviano3
343 3456 425 3508 non
457 3430 612 3507 difficile
643 3440 703 3508 est
726 3433 937 3525 intellectu,
972 3454 1089 3528 quam
1112 3427 1217 3528 peri·

67 3554 243 3629 mlossun
274 3559 316 3628 et
339 3574 478 3651 aooeps
502 3550 638 3646 fuerit,
671 3559 876 3650 postquam
900 3548 1129 3625 octaviane
1153 3569 1218 3619 re·

66 3696 154 3747 rum
189 3671 296 3747 solus
324 3670 470 3770 potitus
493 3678 595 3763 erat,
635 3694 725 3745 otim
747 3665 880 3771 judieii
902 3669 1075 3743 libertate
1101 3672 1218 3739 etex

66 3814 200 3867 rerum
213 3789 375 3868 tentate
390 3789 580 3864 bellomm
597 3788 767 3865 oivilimn
783 3787 980 3864 historiam
996 3792 1218 3861 contexere.

66 3908 259 4004 Quamdiu
291 3908 396 3984 enim
418 3906 472 3981 M.
501 3907 689 3982 Antonius
713 3908 888 4000 vivebat,
913 3904 1077 3981 Pollioni
1090 3904 1219 3980 minus

66 4028 263 4105 ammom
296 4035 382 4103 orat
418 4023 668 4101 Octavianus:
712 4050 802 4103 oum
834 4026 902 4102 illo
939 4032 1049 4104 vetus
1075 4024 1220 4101 eierat

67 4146 260 4244 amicitia,
286 4154 333 4221 ut
355 4144 439 4246 ipse
462 4143 594 4221 soribit
609 4142 783 4221 Gioeroni
806 4144 978 4222 Libr.X.
1003 4144 1052 4222 ad
1067 4142 1228 4220 Divom·

66 4266 191 4368 Epist.
208 4266 275 4341 33.
298 4261 412 4357 Mo
446 4286 538 4340 osma
561 4264 638 4341 hoo
659 4264 865 4341 inveterata
887 4265 1061 4343 simultas
1086 4268 1126 4337 et
1148 4258 1221 4333 ob·

65 4386 206 4465 mnata
239 4382 458 4495 volsmtetis
480 4382 681 4482 aberratio,
714 4390 760 4462 ut
789 4385 853 4463 vel
875 4403 1101 4488 responsam
1123 4371 1219 4449 illud
