2670 5294
393 280 441 328 nn
469 276 605 328 cnssro
633 278 853 326 resur-:usn
1126 254 1197 327 201

52 450 139 538 est,
181 450 227 516 ut
260 440 432 516 cassim
462 448 670 517 statuamus
702 437 781 543 jam
813 440 884 518 sub
917 440 1086 543 Augusto
1112 439 1204 517 Cre·

52 572 136 639 tam
169 570 361 657 nusum,
403 585 572 661 eumque
579 614 592 657 ,
628 560 811 661 quoniam
842 560 920 636 illio
944 586 1023 636 non
1048 583 1204 660 compe-

53 691 180 759 soeret
212 681 400 757 mordacis
432 681 583 783 linguae
608 681 876 782 petulantiam,
911 682 1087 783 graviore
1112 676 1206 755 affe·

55 812 164 880 onum
188 824 314 903 poena
339 801 388 875 ab
406 800 565 875 Tiberio
583 797 729 903 jussum
754 825 838 877 esse
854 801 895 874 in
914 825 1010 877 saxo
1026 798 1205 898 Seriphio

55 923 226 1023 reliquos
250 922 352 998 vitae
377 945 496 996 annos
521 920 684 996 trahere.
743 921 869 1020 Atque
902 919 944 994 in
969 919 1041 995 hae
1066 919 1207 1019 exigue

55 1064 271 1143 asperaque
306 1039 515 1136 Cycladum
557 1040 679 1118 insula
719 1040 917 1117 consenuit
951 1048 989 1115 et
1032 1044 1208 1113 mortuus

57 1168 138 1259 est,
164 1168 262 1237 teste
288 1160 525 1258 Hieronymo
550 1161 591 1235 in
616 1160 772 1236 Eusebii
790 1160 966 1235 (hronio.
994 1159 1042 1233 ad
1066 1177 1209 1231 anuum

57 1280 216 1357 Domini
238 1280 420 1353 XXXIII.
455 1307 495 1380 p.
526 1281 612 1356 158.
663 1277 855 1374 „Cerasias
883 1283 1047 1352 Severus
1073 1285 1209 1350 orator

59 1398 261 1497 egregius,
289 1398 360 1499 qui
379 1398 639 1497 Quintianum
663 1398 766 1474 illud
775 1397 1029 1499 proverbium
1046 1396 1208 1486 luserat,

58 1518 182 1594 XXV.
217 1516 330 1593 exilii
359 1517 427 1593 sui
457 1544 565 1594 σππο
596 1518 642 1594 in
676 1545 831 1594 ευυιυια
863 1516 1003 1618 inopia
1028 1510 1209 1602 moritur,

59 1637 133 1713 υίυ
151 1663 293 1740 panno
318 1640 493 1714 verenda
517 1644 754 1715 σοπίσείυε.“
803 1638 938 1712 Annus
963 1631 1117 1710 Domini
1141 1629 1211 1705 tri·

59 1742 230 1860 gerimus
261 1759 396 1834 tertius
430 1766 489 1835 est
524 1759 572 1833 ab
602 1758 704 1833 Urbe
731 1757 884 1834 condita
908 1780 1030 1843 annus
1055 1753 1144 1827 786.
1171 1755 1212 1823 et

60 1877 212 1953 Tiberii
235 1878 457 1978 imperantis
474 1877 681 1981 vigesimus
689 1876 747 1973 ¹²).
799 1866 965 1952 Proinde
980 1874 1079 1949 facta
1104 1892 1212 1946 com·

59 1997 263 2098 putatione
286 1997 478 2097 sequitur,
514 1996 682 2073 Cassium
707 1997 916 2092 Severum,
960 1992 1125 2070 Senatus
1148 1987 1213 2090 ju·

59 2116 165 2193 dicio
199 2118 442 2212 damnatum,
480 2116 523 2190 in
558 2115 713 2191 Cretam
746 2115 882 2191 abiisse
916 2137 952 2189 a.
978 2114 1024 2188 U.
1055 2109 1212 2186 0761.

59 2238 144 2313 ie.
169 2260 274 2313 anno
298 2238 404 2336 prius
431 2261 550 2335 (pram
573 2236 618 2311 P.
634 2234 793 2312 Ovidius
818 2234 917 2308 Naso
943 2231 1088 2306 Tomos
1113 2228 1214 2302 rele-

60 2364 230 2460 gasnau.
281 2356 353 2451 At,
388 2356 558 2455 nequid
585 2355 841 2447 dissimulem,
875 2350 965 2425 huie
991 2347 1127 2425 rationi
1145 2345 1215 2421 ad·

62 2475 212 2553 versari
235 2475 390 2553 videtur
413 2476 658 2568 Plutarchus,
685 2474 752 2573 qui
778 2474 827 2548 de
851 2470 973 2545 Disor.
1000 2462 1216 2563 Adulatoris

62 2602 107 2671 et
138 2594 266 2670 Amici
299 2595 413 2670 Tom.
432 2595 500 2668 VI
526 2621 565 2694 p.
554 2596 677 2671 2.21.
704 2619 764 2692 sq.
788 2593 836 2669 R.
868 2597 1020 2666 narrat.
1058 2584 1216 2678 Τιβερίου

64 2708 105 2779 ot
131 2706 367 2803 Καίσαρος’
335 2735 384 2791 εις
409 2707 471 2801 τὴν
499 2709 677 2801 σύγκλητόν
696 2735 781 2778 ποτε
802 2706 1051 2798 παρελθόντος,
1081 2692 1130 2782 είς
1149 2703 1217 2767 τῶν

64 2807 253 2881 ταλάντατ’
230 2812 377 2893 αναστὰς
394 2809 473 2903 ἔφη,
496 2815 578 2882 Δεῖν
590 2804 827 2901 invitine&
805 2834 903 2890 σντας
920 2803 1217 2900 παρρησιάζεσθαι

64 2940 124 2983 εισι
112 2914 252 3005 μηδεν
270 2909 543 2984 inauraturam
561 2909 685 3006 μηδ”
664 2916 870 3003 απσσιισπᾷν
886 2914 953 2978 τῶν
967 2903 1217 3029 συμφερόντων.

60 3011 256 3097 Ἅνατείνας
282 3017 322 3087 δὲ
349 3015 478 3098 πάντας
506 3015 635 3098 οὕτως,
666 3018 838 3105 γενομένης
865 3007 955 3102 αὐτῷ
977 3013 1125 3100 σιωπῆς,
1161 3003 1218 3072 καὶ

64 3122 128 3189 τοῦ
163 3117 280 3207 Τιβερί
278 3143 319 3187 συ
349 3119 454 3209 προςέ
452 3145 587 3204 χσντος,
609 3114 791 3197 Ἄκουσον,
822 3116 906 3208 ἔφη,
938 3120 1094 3203 Καῖσαρ,
1118 3106 1141 3178 ἅ
1162 3131 1219 3176 σοι

67 3220 196 3303 πάντες
221 3220 438 3311 ίγκαίσυμεν,
469 3217 580 3302 οὐδεὶς
609 3220 647 3291 δὲ
677 3223 785 3312 τολμᾷ
807 3243 960 3310 φανερως
981 3216 1104 3304 λέγειν·
1135 3206 1218 3296 ἆμε-

65 3326 140 3405 laic
161 3346 304 3393 σεσστσυ
286 3322 381 3393 “nol
401 3321 618 3416 προΐεσαι
582 3349 621 3392 το
643 3327 739 3408 σῶμα
755 3321 810 3389 καί
825 3314 1036 3408 κατατρύχεις
1049 3310 1103 3382 oiri
1114 3336 1218 3403 φρον-

65 3424 140 3495 σι’σε
168 3424 227 3495 καί
255 3422 419 3506 πόνοις(
402 3426 489 3515 υπὲρ
511 3421 620 3517 ἡυῶν,
653 3424 728 3494 οὔτε
749 3417 828 3509 μεθ’
852 3416 978 3511 ἡμέραν
999 3410 1075 3485 eiius
1093 3414 1219 3501 νύκτωρ

68 3522 337 3615 σἰναπσαόμενος.
388 3528 508 3597 Πολλὰ
530 3522 624 3596 δ’
583 3551 685 3596 αυτου
704 3529 843 3595 τοιαῦτα
864 3519 1088 3611 συνείροντος,
1112 3512 1220 3586 εἰπεῖν

68 3654 158 3723 φασι
194 3630 253 3700 τὸν
287 3629 415 3726 ῥήτορα
448 3628 602 3699 Κάσσιον
637 3632 803 3754 Σευῆρον·
848 3623 973 3714 Αὕτη
1007 3628 1161 3690 τοῦτον
1197 3609 1219 3707 ἡ

68 3730 301 3825 παρρησία
334 3731 407 3802 τὸν
443 3724 681 3822 α’νθρωπσν
718 3725 975 3798 ἀποκτενεῖ.
1037 3715 1193 3793 llaec
1180 3743 1221 3791 ln

69 3830 220 3918 Senior
243 3839 426 3917 accidisse
452 3862 575 3936 aeque
591 3835 835 3912 manifestum
860 3838 917 3909 es't
942 3854 987 3906 ao
1004 3848 1221 3905 sennonem

70 3958 135 4036 luo
165 3983 254 4035 esse
286 3960 336 4033 de
370 3957 498 4033 Cassio
533 3954 679 4032 Severo
716 3963 885 4047 oratore,
921 3958 963 4025 ut
988 3949 1104 4024 etiam
1127 3944 1223 4022 vidit

70 4076 394 4177 Wyttenbaohius
427 4076 470 4150 in
501 4072 695 4149 Adnotatt.
728 4074 777 4148 ad
801 4071 841 4148 h.
864 4071 893 4146 l.
920 4069 1002 4146 Vol.
1017 4068 1050 4142 Ι.
1076 4093 1116 4168 p.
1133 4065 1221 4143 378.

126 4320 218 4469 18112)
240 4312 322 4383 vioe
342 4314 487 4400 suligeri
508 4310 782 4381 Animadverueuos
807 4313 838 4375 iu
866 4306 1075 4390 chronologica
1102 4301 1224 4366 Eusebii

70 4428 102 4485 ρ.
191 4445 202 4468 .
