2670 5294
79 689 84 701 “
131 706 192 783 14
519 728 569 778 nn
592 718 633 778 ἰ.
657 724 785 780 vaano
811 722 959 778 ronam

164 891 388 985 eminuisse,
412 890 535 990 iisque
549 889 751 967 virtutibm
769 885 956 982 effecisse,
981 893 1025 962 ut
1039 906 1191 962 summa
1207 883 1296 986 apud
1334 910 1335 969 ι

163 1013 351 1112 principes
376 1009 533 1086 civitatis
556 1009 659 1086 viros
683 1010 823 1112 gratia,
848 1017 888 1084 et
908 1007 1091 1083 constanti
1108 1013 1296 1107 poetarum

163 1131 379 1230 aequalium
403 1128 652 1205 familiaritate
678 1136 719 1204 et
744 1126 906 1204 amicitia
936 1126 1098 1201 floreret.

132 1236 139 1247 ⁸
274 1250 357 1344 Quo
392 1247 505 1349 igitur
539 1244 673 1351 majori
704 1247 747 1322 in
777 1248 925 1322 honore
960 1252 1000 1320 et
1033 1242 1297 1319 existimatione

163 1370 210 1444 L.
222 1369 495 1444 Variumolim
518 1366 635 1442 briaae
659 1365 855 1457 novimum
882 1390 929 1440 eo
954 1363 1073 1466 magis
1098 1361 1297 1439 dolendum

163 1496 241 1583 est,
275 1488 399 1585 quod,
434 1510 533 1585 quae
559 1487 608 1561 de
634 1483 715 1589 ejus
739 1485 815 1562 vita
839 1485 1045 1582 studiisque
1080 1482 1183 1593 apud
1216 1478 1296 1556 aeri·

36 1598 38 1602 ὗ
160 1615 288 1709 pterea
321 1606 528 1681 memoriae
560 1606 708 1705 prodita
740 1605 918 1706 legimus,
956 1611 1034 1678 tam
1058 1623 1181 1702 panea
1206 1603 1296 1690 sumt,

162 1748 284 1824 eaque
309 1724 517 1800 maximam
548 1728 695 1824 partem
726 1725 863 1799 dubiae
888 1720 1092 1798 admodum
1120 1719 1296 1794 incertae·

162 1867 239 1942 que
263 1841 365 1920 fidei.
416 1843 512 1918 Nam
538 1844 780 1918 librariorum
813 1866 940 1917 errore
972 1863 1094 1940 paene
1128 1833 1295 1914 sollemni

161 1964 314 2059 accidit,
340 1969 385 2037 ut
409 1987 551 2039 nomen
569 1960 701 2041 ,Varii
722 1962 765 2036 in
782 1960 901 2036 Codd.
918 1960 1024 2035 Metis
1042 1964 1082 2035 et
1095 1957 1214 2032 Editt.
1231 1959 1297 2032 vet·

161 2091 226 2156 aut
248 2083 363 2181 plane
388 2082 687 2176 oblitteraretur,
713 2088 778 2157 aut
799 2080 921 2157 levius
945 2078 1093 2181 ςιιιὶιιι
1123 2078 1297 2176 deprava·

160 2206 278 2275 retur.
328 2200 405 2275 vix
428 2225 527 2274 unua
551 2201 738 2299 reperitur
769 2200 962 2300 scriptoris
994 2191 1151 2299 alicujus
1183 2195 1296 2286 locut,

156 2319 202 2417 in
226 2343 305 2418 quo
328 2317 422 2392 illud
446 2318 637 2420 integrum
660 2319 859 2414 manserit,
885 2326 999 2417 atque
1022 2317 1063 2390 iu
1088 2340 1129 2388 n.
1151 2313 1198 2392 V
1189 2336 1296 2403 arua,

163 2438 208 2516 V
201 2463 341 2529 arrae,
378 2437 423 2515 V
416 2461 511 2514 arro
535 2464 614 2514 non
638 2437 755 2512 fuerit
778 2444 1048 2513 commutatum
1056 2434 1101 2530 ¹).
1153 2431 1296 2530 siquo

159 2541 202 2629 in
223 2558 311 2637 loeo
336 2564 514 2656 eorrupte
533 2564 728 2632 exaratum
748 2564 806 2632 eat
825 2559 869 2634 V
862 2580 980 2647 erre,
1006 2556 1238 2656 plerumque
1259 2550 1298 2625 in

159 2683 335 2775 promptu
360 2683 436 2771 eat,
475 2676 570 2774 quid
594 2683 755 2771 stamas,
795 2699 869 2750 neo
902 2674 1062 2748 dubium
1087 2681 1165 2768 eat,
1209 2670 1298 2772 quin

163 2796 207 2871 V
200 2821 320 2870 arrae
325 2846 340 2886 ,
375 2795 584 2870 inauditum
607 2794 789 2871 Romania
821 2818 983 2888 nomen,
1025 2793 1113 2868 solia
1136 2790 1297 2866 librariis

161 2938 372 3014 eonrmque
395 2914 644 3016 negligentiae
669 2913 905 3012 debentia-²).
953 2913 1125 2989 atvero
1148 2912 1192 2988 in
1215 2932 1297 3013 par·

246 3187 281 3264 1)
303 3184 387 3249 Hane
407 3190 555 3250 nominum
574 3189 811 3267 permutationem
833 3193 892 3266 iam
909 3197 1043 3250 notarunt
1055 3181 1129 3250 'viri
1143 3186 1248 3263 Docti,
1268 3185 1296 3247 in

158 3269 206 3334 bia
233 3271 371 3351 Sigoniua
400 3275 438 3352 ad
467 3273 546 3336 Livii
567 3273 693 3352 Epitom.
715 3273 786 3337 CX.
807 3273 882 3336 Vol.
899 3272 990 3335 XIV.
1012 3296 1043 3351 p.
1056 3280 1110 3337 37.
1126 3271 1203 3349 Dm,
1224 3270 1295 3333 Gre-

158 3361 260 3419 uoviua
281 3359 318 3419 ad
338 3356 424 3427 Plinii
444 3358 483 3422 N.
497 3359 539 3421 fl.
562 3359 645 3423 Libr.
663 3360 740 3422 XX.
763 3384 788 3422 e.
805 3367 876 3439 2⁵„
897 3359 1097 3422 Taadaucliua
1117 3359 1154 3420 ad
1176 3356 1293 3435 Eutrop-

158 3439 242 3504 Libr.
255 3443 329 3506 vll.
352 3467 378 3506 c.
394 3452 446 3508 2³.
468 3469 498 3522 p.
515 3453 611 3524 doz,
638 3448 703 3519 alii,
742 3468 814 3523 quos
843 3447 917 3506 infra
951 3446 1189 3508 commemorabo.
1240 3440 1294 3503 ilie

157 3548 277 3606 paucae,
307 3551 379 3605 quaa
399 3531 474 3591 iliud
495 3553 599 3592 nomeu
618 3534 650 3592 in
670 3531 763 3594 code.
786 3530 874 3593 Melia
895 3534 998 3606 subiit,
1027 3531 1205 3606 corruptelae
1224 3527 1292 3603 dii·

106 3610 112 3616 ⁸
157 3634 222 3676 aere
258 3616 367 3692 placet:
408 3618 448 3677 ita
484 3637 533 3693 ap.
562 3615 695 3678 Ciceron.
718 3617 748 3676 d.
765 3615 805 3679 N.
820 3617 859 3678 D.
879 3616 962 3678 Libr.
979 3615 1035 3676 111.
1058 3637 1084 3675 a.
1101 3623 1153 3678 33.
1176 3637 1207 3692 p.
1220 3615 1290 3677 665·

157 3695 236 3762 Moa.
258 3703 288 3760 in
308 3702 377 3778 aliq.
396 3699 488 3762 codd.
509 3703 712 3784 wpplier‘oque
734 3702 866 3786 Quartus
886 3725 939 3779 pro
958 3701 1159 3782 supplicioque
1175 3700 1213 3786 Q.
1233 3696 1291 3759 Va·

156 3787 221 3846 ηἰιι
241 3787 363 3864 legitur,
384 3797 417 3847 nt
438 3788 507 3847 olim
528 3808 576 3862 ap.
597 3789 729 3848 errrudem
750 3785 868 3848 Verrio.
890 3786 959 3848 Act.
977 3787 1017 3848 ll.
1040 3785 1123 3846 Libr.
1137 3784 1181 3850 ll.
1201 3807 1227 3851 c.
1242 3787 1289 3848 48.

155 3871 186 3930 iu
206 3869 299 3932 codd.
324 3871 470 3956 Quartum
495 3874 597 3933 vitiose
623 3877 759 3949 scriptum
788 3874 920 3935 exstabat
940 3894 998 3950 pre
1029 3871 1067 3958 Q.
1087 3871 1235 3949 Veram,
1261 3877 1292 3929 ti

156 3954 314 4033 adnotavit,
336 3971 401 4034 poet
415 3957 581 4019 llurleeium
594 3955 667 4019 Vol.
682 3959 707 4020 l.
722 3982 753 4035 p.
767 3967 858 4035 359„
879 3957 1033 4035 Zumptiua
1047 3955 1120 4021 Vol.
1136 3955 1161 4019 l.
1178 3981 1208 4035 p.
1221 3959 1290 4019 35⁴.

155 4039 190 4100 ln
205 4040 406 4105 Godd.‘l'urie.
420 4042 589 4124 Quintiliani
603 4041 629 4104 l.
646 4042 700 4104 Or.
714 4042 862 4104 Libavl.
877 4067 900 4105 e.
914 4051 944 4107 3.
962 4046 989 4122 §.
1001 4052 1053 4107 78.
1074 4066 1127 4120 pro
1149 4040 1191 4104 L.
1210 4040 1291 4104 Vm

155 4126 305 4202 Epicureo
326 4126 514 4210 Spaldingiua
535 4131 672 4205 seriptum
693 4132 802 4190 invenit
822 4130 869 4191 ael
886 4152 976 4192 aerea
997 4132 1144 4207 apione-im
1177 4131 1209 4189 iu
1231 4128 1291 4188 aaa

155 4208 247 4272 codd.
273 4211 311 4274 l..
337 4214 440 4277 Vm
457 4215 611 4292 Epieum
644 4216 681 4276 cf.
700 4216 793 4291 ejusd.
816 4212 941 4276 Praesat.
963 4219 993 4275 iu
1015 4215 1140 4296 Quintil.
1162 4212 1238 4275 Vol.
1252 4207 1291 4274 ll·

115 4340 118 4345 -
154 4316 184 4372 p.
196 4294 271 4359 Vll.
323 4295 426 4376 Neque
452 4299 558 4361 Graeci
587 4302 743 4376 scriptorea
772 4300 825 4361 baa
851 4303 1011 4378 corruptela
1040 4304 1182 4362 immunes
1211 4308 1291 4361 ιιιιιιι

153 4384 192 4440 ita
223 4403 271 4457 ap.
300 4380 466 4460 Appianum
495 4383 534 4448 B.
552 4382 587 4445 G.
604 4383 687 4445 Libr.
703 4384 727 4445 Ι.
748 4406 773 4444 o.
791 4393 843 4447 37.
873 4408 926 4463 pro
958 4380 1090 4448 Κόϊντον
1124 4380 1293 4466 Οὐαλέριον

153 4478 246 4538 reete,
268 4465 372 4545 Pigbio
393 4481 563 4546 praeeunte,
586 4465 718 4531 Κόϊντον
743 4463 880 4551 Οὖᾶριον
899 4475 1024 4533 correxit
1046 4469 1294 4550 schweighause-

152 4572 203 4612 ιιιι
223 4548 296 4613 Vol
313 4552 353 4614 ll.
375 4561 467 4630 pat.
510 4552 591 4616 idem
611 4552 655 4617 V.
671 4555 713 4618 D.
729 4576 776 4631 ap.
793 4555 958 4635 Appianum
977 4555 1110 4618 Mithrid.
1132 4578 1156 4618 c.
1172 4563 1224 4621 95.
1242 4576 1294 4634 pre

152 4628 296 4783 gleire&
315 4659 346 4700 τε
371 4634 496 4722 Οὔαρος
515 4660 553 4702 ex
573 4637 666 4702 Godd.
682 4653 711 4702 et
733 4640 968 4706 Etiamnum
988 4636 1143 4726 Βάρρων,
1166 4636 1292 4727 Βᾶρων,

202 4743 316 4805 appar.

236 4823 327 4906 2)1u
346 4823 481 4906 maipa
495 4846 543 4907 ap.
559 4823 716 4893 Gruterum
733 4849 768 4910 p.
781 4824 938 4893 uxclx.
954 4833 1006 4910 d„
1024 4830 1076 4894 ubi
1098 4827 1223 4897 Vm
1241 4851 1294 4897 ex·
