2670 5294
143 656 221 733 262
493 679 542 730 nr
569 678 708 732 csssro
735 678 958 731 rsrsrrusr·

143 847 243 921 inter
276 868 320 920 se
354 841 486 943 partiri
518 866 687 940 suaeque
711 842 823 917 saluti
847 842 1089 941 prospicem
1134 842 1200 943 qui
1217 843 1283 917 'rh-

145 972 308 1039 nuentes
340 963 552 1059 flentesque
587 963 637 1035 ah
671 985 720 1037 eo
753 960 1034 1036 dimitterentur
1065 962 1217 1061 scriptis
1244 964 1284 1036 ad

146 1082 406 1181 Theophilum
440 1089 728 1179 procuratorem
764 1079 937 1154 Corinthi
962 1080 1123 1174 litteris,
1156 1089 1200 1155 ut
1220 1082 1283 1155 illis

145 1202 388 1277 securitatem
413 1200 615 1296 expediret
640 1207 758 1296 atque
777 1198 1027 1273 absconderet
1052 1223 1143 1292 eos,
1169 1201 1283 1298 quoad

147 1320 401 1396 Octavianum
426 1318 578 1416 placare
602 1319 832 1416 potuissent,
857 1324 902 1391 ut
925 1314 1044 1392 refert
1067 1316 1284 1394 Plutarchus

146 1464 180 1515 o.
207 1440 272 1514 88.
332 1436 526 1533 Quidquid
560 1460 653 1511 vero
687 1432 772 1536 ejus
804 1435 861 1509 rei
893 1443 973 1527 est,
1013 1435 1198 1534 equidem
1225 1462 1284 1537 pro

146 1564 253 1633 certo
295 1554 488 1631 affirmare
531 1553 675 1648 ausim,
720 1552 892 1628 Cassium
930 1552 1186 1630 Panneusem
1225 1580 1284 1654 per

147 1675 345 1775 proximos
371 1681 458 1773 post
482 1673 587 1747 illam
613 1673 760 1746 cladem
779 1696 931 1747 menses
947 1672 989 1747 in
1008 1673 1177 1772 quodvis
1198 1674 1284 1749 aliud

148 1793 331 1870 Graeciae
364 1791 587 1892 oppidulrun
628 1791 798 1865 latitandi
838 1815 972 1866 caussa
1005 1815 1049 1867 se
1092 1794 1284 1892 recepisse,

148 1938 265 2013 quam
289 1913 478 2005 Athenas,
505 1936 583 2010 quo
598 1908 711 1985 facile
728 1909 913 2009 ssupicari
929 1917 1059 2008 posset
1073 1913 1286 2010 propediem

147 2042 353 2111 ventsuum
384 2055 468 2106 esse
494 2030 757 2105 Octavianum.
817 2027 981 2104 Etcum
1004 2031 1129 2128 probe
1155 2038 1284 2123 nosset,

146 2151 255 2225 illum
280 2150 356 2224 sihi
378 2149 624 2223 infensiorem
648 2146 921 2245 iratioremque
946 2171 1052 2242 esse,
1087 2172 1210 2247 qnam
1231 2147 1286 2247 qui

148 2292 332 2367 nmquam
378 2267 520 2366 placari
561 2265 876 2364 reconciliatique
923 2274 1074 2365 posset,
1121 2266 1286 2367 prolecto

148 2387 317 2461 maxime
351 2386 574 2460 temerarius
603 2385 853 2484 omniumque
878 2385 1125 2461 stadtissimus
1151 2384 1285 2477 tulisset,

148 2505 181 2579 si
212 2503 404 2598 Athenas,
446 2512 646 2604 praesente
681 2528 752 2597 eo,
794 2526 837 2578 se
861 2503 1102 2598 emollisset,
1140 2512 1208 2578 aut
1228 2503 1288 2578 ad-

148 2624 324 2701 veniente
358 2648 405 2699 eo
430 2624 485 2696 ihi
510 2623 723 2697 mansisset.
783 2621 972 2715 Quamdiu
996 2620 1232 2699 Octavianus
1252 2621 1288 2695 in

149 2739 308 2816 Graecia
332 2751 574 2837 versarctur,
608 2741 752 2815 tamdiu
784 2741 880 2815 mihi
904 2765 1135 2840 persuasum
1159 2743 1290 2818 estla-

148 2861 262 2936 tu‘usc
289 2860 459 2935 Cassium
483 2862 524 2935 iu
549 2861 624 2934 alio
650 2859 832 2958 ‹propiam
857 2861 943 2935 loco
967 2868 1007 2934 et
1020 2862 1165 2937 vitasse
1180 2861 1289 2937 Athe·

148 3004 228 3055 uas.
301 2980 523 3072 Praeterea,
549 2980 590 3052 id
624 2980 729 3076 quod
761 2978 937 3077 inprimis
976 2981 1289 3055 considerandum

148 3107 220 3193 est,
247 3096 478 3174 Octavianus
503 3098 568 3171 illo
595 3098 819 3195 praesertim
836 3104 1010 3197 tempore
1035 3100 1123 3175 aliis
1149 3101 1290 3201 gravio·

148 3216 332 3316 ribusqre
358 3224 563 3315 occupatus
589 3217 853 3314 districtumque
879 3224 958 3290 erat
983 3219 1101 3292 rebus
1121 3242 1168 3295 ac
1186 3219 1287 3311 cirris,

148 3359 265 3435 quam
290 3337 356 3433 qui
380 3343 513 3435 posset
537 3337 706 3410 animum
731 3337 930 3410 advertere
946 3338 996 3410 ad
1014 3337 1287 3440 investigandos

147 3456 435 3555 puniendosque
469 3455 585 3553 patris
620 3478 871 3553 percussores.
942 3454 1063 3530 Porro
1099 3481 1191 3531 cum
1220 3456 1286 3529 llo·

148 3574 235 3648 ratii
269 3574 502 3648 Scholiastaa
536 3575 708 3665 tradant,
750 3573 908 3647 missum
942 3597 1025 3648 esse
1050 3575 1102 3648 ab
1130 3576 1283 3677 Augusto

148 3691 197 3792 Q.
222 3692 388 3785 Varum,
423 3692 490 3790 qui
524 3691 768 3766 Parmensem
801 3691 974 3765 Cassium
998 3693 1212 3787 occideret,
1241 3713 1279 3767 eo
1326 3780 1328 3789 Ι

148 3812 392 3904 deducimur,
444 3818 485 3883 ut
535 3808 791 3885 Octavianum
835 3810 1047 3912 cogitemus
1097 3815 1279 3889 mentem
1326 3812 1328 3823 '

148 3931 276 4029 potius
334 3929 451 4004 fuisse
500 3927 660 4002 Athenis
712 3952 830 4027 quam
880 3938 1141 4028 praesentem,
1199 3929 1277 4005 alio·

149 4051 242 4147 quin
276 4074 328 4123 ex
362 4056 536 4124 veterum
569 4048 751 4145 loquendi
783 4070 894 4123 more
925 4049 968 4121 in
1002 4047 1171 4125 Scholiis
1197 4047 1277 4125 scri·
1325 4100 1329 4121 .

147 4176 257 4266 ptum
274 4170 500 4269 legeremus,
525 4166 633 4239 illum
649 4169 697 4239 ab
712 4168 886 4267 Augusto
903 4166 1150 4257 interfectam
1164 4168 1278 4245 huss

148 4287 323 4385 Denique
347 4288 466 4380 adde,
501 4286 608 4383 «prod
631 4285 704 4359 iste
730 4284 779 4382 Ο.
805 4284 928 4359 Varus
955 4286 1097 4361 dicitur
1124 4287 1279 4365 &seiam

148 4404 308 4479 Athenis
339 4404 529 4480 invenisse
561 4405 780 4479 studentem
812 4412 851 4479 et
885 4401 967 4506 ejus
1002 4406 1144 4482 scrinia
1168 4406 1282 4483 ahrhr

148 4522 250 4596 lisse.
303 4524 404 4616 Quid
428 4517 552 4601 vero?
594 4549 689 4597 mun
715 4524 899 4599 credibile
924 4530 982 4598 cst
1006 4522 1183 4603 Cassiam
1204 4523 1284 4599 ru-

146 4663 322 4714 mensem
345 4655 540 4719 recentem
565 4667 619 4717 ex
644 4643 752 4718 clade
777 4643 930 4719 Actiaca
954 4649 1008 4737 et,
1032 4643 1204 4723 Antonio
1227 4664 1286 4745 pt·

146 4766 261 4837 trono
286 4784 356 4837 suc
381 4784 427 4837 ac
452 4761 653 4839 defensore
677 4760 899 4864 profligato,
922 4762 1131 4843 sollicitum
1155 4764 1209 4845 de
1230 4782 1287 4841 m

775 4938 799 4987 l
