<?xml version="1.0" encoding="UTF-8"?>
<!DOCTYPE html PUBLIC "-//W3C//DTD XHTML 1.0 Transitional//EN"
    "http://www.w3.org/TR/xhtml1/DTD/xhtml1-transitional.dtd">
<html xmlns="http://www.w3.org/1999/xhtml" xml:lang="en" lang="en">
 <head>
  <title>
</title>
<meta http-equiv="Content-Type" content="text/html;charset=utf-8" />
  <meta name='ocr-system' content='tesseract 3.04.00' />
  <meta name='ocr-capabilities' content='ocr_page ocr_carea ocr_par ocr_line ocrx_word'/>
</head>
<body>
  <div class='ocr_page' id='page_1' title='image "./deluciivariietc00weicgoog_0097.png"; bbox 0 0 2686 5236; ppageno 0'>
   <div class='ocr_carea' id='block_1_1' title="bbox 428 647 1219 723">
    <p class='ocr_par' dir='ltr' id='par_1_1' title="bbox 428 647 1219 723">
     <span class='ocr_line' id='line_1_1' title="bbox 428 647 1219 723; baseline 0.008 -6"><span class='ocrx_word' id='word_1_1' title='bbox 428 666 484 719; x_wconf 79' lang='lat' dir='ltr'><strong>-on</strong></span> <span class='ocrx_word' id='word_1_2' title='bbox 511 666 547 718; x_wconf 85' lang='lat'><strong>1..</strong></span> <span class='ocrx_word' id='word_1_3' title='bbox 573 664 699 719; x_wconf 81' lang='lat' dir='ltr'><strong>vsaro</strong></span> <span class='ocrx_word' id='word_1_4' title='bbox 727 665 871 721; x_wconf 81' lang='lat' dir='ltr'><strong>ronrs.</strong></span> <span class='ocrx_word' id='word_1_5' title='bbox 1168 647 1219 723; x_wconf 81' lang='lat'><strong>75</strong></span> 
     </span>
    </p>
   </div>
   <div class='ocr_carea' id='block_1_2' title="bbox 53 826 1227 3667">
    <p class='ocr_par' dir='ltr' id='par_1_2' title="bbox 53 826 1227 3667">
     <span class='ocr_line' id='line_1_2' title="bbox 65 826 1223 936; baseline 0.007 -34"><span class='ocrx_word' id='word_1_6' title='bbox 65 829 278 931; x_wconf 72' lang='lat' dir='ltr'><strong>perfeeto3</strong></span> <span class='ocrx_word' id='word_1_7' title='bbox 309 828 380 903; x_wconf 81' lang='lat' dir='ltr'><strong>aed</strong></span> <span class='ocrx_word' id='word_1_8' title='bbox 412 826 590 931; x_wconf 72' lang='lat' dir='ltr'><strong>deinceps</strong></span> <span class='ocrx_word' id='word_1_9' title='bbox 619 831 830 904; x_wconf 60' lang='lat' dir='ltr'><strong>vadando</strong></span> <span class='ocrx_word' id='word_1_10' title='bbox 872 832 1104 936; x_wconf 72' lang='lat' dir='ltr'><em>colendoque</em></span> <span class='ocrx_word' id='word_1_11' title='bbox 1132 833 1223 909; x_wconf 82' lang='lat' dir='ltr'><strong>red·</strong></span> 
     </span>
     <span class='ocr_line' id='line_1_3' title="bbox 71 942 1222 1029; baseline 0.003 -5"><span class='ocrx_word' id='word_1_12' title='bbox 71 950 167 1024; x_wconf 76' lang='lat' dir='ltr'><strong>dere</strong></span> <span class='ocrx_word' id='word_1_13' title='bbox 197 946 249 1022; x_wconf 69' lang='lat' dir='ltr'><strong>ils</strong></span> <span class='ocrx_word' id='word_1_14' title='bbox 279 972 321 1022; x_wconf 83' lang='lat' dir='ltr'><strong>ae</strong></span> <span class='ocrx_word' id='word_1_15' title='bbox 354 947 437 1023; x_wconf 80' lang='lat' dir='ltr'><strong>oria</strong></span> <span class='ocrx_word' id='word_1_16' title='bbox 468 960 507 1022; x_wconf 80' lang='lat' dir='ltr'><strong>et</strong></span> <span class='ocrx_word' id='word_1_17' title='bbox 539 949 672 1024; x_wconf 71' lang='lat' dir='ltr'><strong>malou</strong></span> <span class='ocrx_word' id='word_1_18' title='bbox 704 942 988 1026; x_wconf 51' lang='lat' dir='ltr'><strong>trecassensem</strong></span> <span class='ocrx_word' id='word_1_19' title='bbox 1044 952 1148 1029; x_wconf 82' lang='lat' dir='ltr'><strong>Haeo</strong></span> <span class='ocrx_word' id='word_1_20' title='bbox 1172 954 1222 1027; x_wconf 90' lang='lat' dir='ltr'><strong>ad</strong></span> 
     </span>
     <span class='ocr_line' id='line_1_4' title="bbox 73 1066 1221 1172; baseline 0.001 -29"><span class='ocrx_word' id='word_1_21' title='bbox 73 1066 264 1168; x_wconf 73' lang='lat' dir='ltr'><strong>Georgica</strong></span> <span class='ocrx_word' id='word_1_22' title='bbox 287 1068 525 1166; x_wconf 83' lang='lat' dir='ltr'><strong>potissimum</strong></span> <span class='ocrx_word' id='word_1_23' title='bbox 550 1076 738 1167; x_wconf 80' lang='lat' dir='ltr'><strong>spectare,</strong></span> <span class='ocrx_word' id='word_1_24' title='bbox 776 1093 876 1168; x_wconf 90' lang='lat' dir='ltr'><strong>quae</strong></span> <span class='ocrx_word' id='word_1_25' title='bbox 908 1067 1076 1169; x_wconf 80' lang='lat' dir='ltr'><strong>perfeeto</strong></span> <span class='ocrx_word' id='word_1_26' title='bbox 1101 1095 1221 1172; x_wconf 85' lang='lat' dir='ltr'><strong>expo-</strong></span> 
     </span>
     <span class='ocr_line' id='line_1_5' title="bbox 72 1185 1221 1292; baseline 0.003 -31"><span class='ocrx_word' id='word_1_27' title='bbox 72 1186 220 1285; x_wconf 88' lang='lat' dir='ltr'><strong>litaque</strong></span> <span class='ocrx_word' id='word_1_28' title='bbox 251 1185 426 1285; x_wconf 89' lang='lat' dir='ltr'><strong>reliquit,</strong></span> <span class='ocrx_word' id='word_1_29' title='bbox 461 1210 551 1262; x_wconf 90' lang='lat' dir='ltr'><strong>oum</strong></span> <span class='ocrx_word' id='word_1_30' title='bbox 574 1187 746 1263; x_wconf 78' lang='lat' dir='ltr'><strong>Donatus</strong></span> <span class='ocrx_word' id='word_1_31' title='bbox 771 1188 814 1262; x_wconf 90' lang='lat' dir='ltr'><strong>in</strong></span> <span class='ocrx_word' id='word_1_32' title='bbox 838 1189 917 1264; x_wconf 84' lang='lat' dir='ltr'><strong>Vit.</strong></span> <span class='ocrx_word' id='word_1_33' title='bbox 944 1189 1074 1292; x_wconf 74' lang='lat' dir='ltr'><strong>virgil.</strong></span> <span class='ocrx_word' id='word_1_34' title='bbox 1099 1212 1134 1265; x_wconf 86' lang='lat' dir='ltr'><strong>e.</strong></span> <span class='ocrx_word' id='word_1_35' title='bbox 1152 1190 1221 1265; x_wconf 85' lang='lat' dir='ltr'><strong>lX.</strong></span> 
     </span>
     <span class='ocr_line' id='line_1_6' title="bbox 72 1304 1224 1408; baseline 0.004 -29"><span class='ocrx_word' id='word_1_36' title='bbox 72 1305 179 1396; x_wconf 59' lang='lat'><strong>533.</strong></span> <span class='ocrx_word' id='word_1_37' title='bbox 205 1313 391 1399; x_wconf 84' lang='lat' dir='ltr'><strong>testatur,</strong></span> <span class='ocrx_word' id='word_1_38' title='bbox 416 1314 502 1378; x_wconf 85' lang='lat' dir='ltr'><strong>tum</strong></span> <span class='ocrx_word' id='word_1_39' title='bbox 516 1304 751 1401; x_wconf 83' lang='lat' dir='ltr'><strong>oonfirmant,</strong></span> <span class='ocrx_word' id='word_1_40' title='bbox 778 1331 878 1407; x_wconf 86' lang='lat' dir='ltr'><strong>quae</strong></span> <span class='ocrx_word' id='word_1_41' title='bbox 894 1316 1107 1407; x_wconf 86' lang='lat' dir='ltr'><strong>sequuntur</strong></span> <span class='ocrx_word' id='word_1_42' title='bbox 1121 1311 1224 1408; x_wconf 84' lang='lat' dir='ltr'><strong>apud</strong></span> 
     </span>
     <span class='ocr_line' id='line_1_7' title="bbox 73 1422 1223 1526; baseline 0.003 -26"><span class='ocrx_word' id='word_1_43' title='bbox 73 1422 264 1519; x_wconf 87' lang='lat' dir='ltr'><strong>Gellium,</strong></span> <span class='ocrx_word' id='word_1_44' title='bbox 298 1424 366 1523; x_wconf 90' lang='lat' dir='ltr'><strong>qui</strong></span> <span class='ocrx_word' id='word_1_45' title='bbox 390 1425 535 1526; x_wconf 72' lang='lat' dir='ltr'><strong>pergitt</strong></span> <span class='ocrx_word' id='word_1_46' title='bbox 559 1426 660 1516; x_wconf 76' lang='lat' dir='ltr'><strong>„sod</strong></span> <span class='ocrx_word' id='word_1_47' title='bbox 684 1450 785 1526; x_wconf 81' lang='lat' dir='ltr'><strong>quoe</strong></span> <span class='ocrx_word' id='word_1_48' title='bbox 801 1426 1104 1526; x_wconf 63' lang='lat' dir='ltr'><strong>procrastinato</strong></span> <span class='ocrx_word' id='word_1_49' title='bbox 1128 1440 1223 1504; x_wconf 76' lang='lat' dir='ltr'><strong>aurat</strong></span> 
     </span>
     <span class='ocr_line' id='line_1_8' title="bbox 74 1542 1223 1648; baseline 0.005 -32"><span class='ocrx_word' id='word_1_50' title='bbox 74 1542 128 1616; x_wconf 76' lang='lat' dir='ltr'><strong>od</strong></span> <span class='ocrx_word' id='word_1_51' title='bbox 151 1567 221 1635; x_wconf 77' lang='lat' dir='ltr'><strong>eo,</strong></span> <span class='ocrx_word' id='word_1_52' title='bbox 249 1556 296 1618; x_wconf 85' lang='lat' dir='ltr'><strong>ut</strong></span> <span class='ocrx_word' id='word_1_53' title='bbox 314 1555 410 1644; x_wconf 79' lang='lat' dir='ltr'><strong>post</strong></span> <span class='ocrx_word' id='word_1_54' title='bbox 433 1555 743 1636; x_wconf 65' lang='lat' dir='ltr'><strong>remmom,</strong></span> <span class='ocrx_word' id='word_1_55' title='bbox 775 1556 814 1618; x_wconf 84' lang='lat' dir='ltr'><strong>ot</strong></span> <span class='ocrx_word' id='word_1_56' title='bbox 838 1545 1008 1639; x_wconf 78' lang='lat' dir='ltr'><strong>absolvi,</strong></span> <span class='ocrx_word' id='word_1_57' title='bbox 1035 1546 1223 1648; x_wconf 79' lang='lat' dir='ltr'><strong>quoniam</strong></span> 
     </span>
     <span class='ocr_line' id='line_1_9' title="bbox 72 1661 1224 1767; baseline 0.005 -31"><span class='ocrx_word' id='word_1_58' title='bbox 72 1686 183 1736; x_wconf 79' lang='lat' dir='ltr'><strong>moro</strong></span> <span class='ocrx_word' id='word_1_59' title='bbox 201 1674 497 1762; x_wconf 74' lang='lat' dir='ltr'><strong>praeverterat,</strong></span> <span class='ocrx_word' id='word_1_60' title='bbox 522 1661 795 1762; x_wconf 60' lang='lat' dir='ltr'><strong>nequiverunt,</strong></span> <span class='ocrx_word' id='word_1_61' title='bbox 820 1690 1070 1765; x_wconf 74' lang='lat' dir='ltr'><strong>mqttoquom</strong></span> <span class='ocrx_word' id='word_1_62' title='bbox 1080 1679 1224 1767; x_wconf 79' lang='lat' dir='ltr'><strong>poeto·</strong></span> 
     </span>
     <span class='ocr_line' id='line_1_10' title="bbox 72 1770 1227 1881; baseline 0.004 -26"><span class='ocrx_word' id='word_1_63' title='bbox 72 1806 168 1855; x_wconf 76' lang='lat' dir='ltr'><strong>rum</strong></span> <span class='ocrx_word' id='word_1_64' title='bbox 179 1770 460 1878; x_wconf 60' lang='lat' dir='ltr'><strong>elegantissimi</strong></span> <span class='ocrx_word' id='word_1_65' title='bbox 478 1779 639 1855; x_wconf 74' lang='lat' dir='ltr'><strong>oonaino</strong></span> <span class='ocrx_word' id='word_1_66' title='bbox 663 1792 781 1881; x_wconf 76' lang='lat' dir='ltr'><strong>atque</strong></span> <span class='ocrx_word' id='word_1_67' title='bbox 799 1782 949 1879; x_wconf 66' lang='lat' dir='ltr'><strong>iudicio</strong></span> <span class='ocrx_word' id='word_1_68' title='bbox 965 1783 1090 1880; x_wconf 74' lang='lat' dir='ltr'><strong>digna</strong></span> <span class='ocrx_word' id='word_1_69' title='bbox 1114 1794 1227 1860; x_wconf 64' lang='lat' dir='ltr'><strong>mm·</strong></span> 
     </span>
     <span class='ocr_line' id='line_1_11' title="bbox 72 1899 1223 2001; baseline 0.003 -27"><span class='ocrx_word' id='word_1_70' title='bbox 72 1901 219 2001; x_wconf 68' lang='lat' dir='ltr'><strong>ltaque</strong></span> <span class='ocrx_word' id='word_1_71' title='bbox 237 1926 378 2001; x_wconf 79' lang='lat' dir='ltr'><strong>quum,</strong></span> <span class='ocrx_word' id='word_1_72' title='bbox 402 1899 538 1975; x_wconf 69' lang='lat' dir='ltr'><strong>orosto</strong></span> <span class='ocrx_word' id='word_1_73' title='bbox 555 1923 765 2000; x_wconf 76' lang='lat' dir='ltr'><strong>oppressus</strong></span> <span class='ocrx_word' id='word_1_74' title='bbox 772 1952 788 1994; x_wconf 91' lang='lat'><strong>,</strong></span> <span class='ocrx_word' id='word_1_75' title='bbox 816 1904 1034 1976; x_wconf 76' lang='lat' dir='ltr'><strong>adventare</strong></span> <span class='ocrx_word' id='word_1_76' title='bbox 1055 1914 1223 1978; x_wconf 71' lang='lat' dir='ltr'><strong>morton</strong></span> 
     </span>
     <span class='ocr_line' id='line_1_12' title="bbox 74 2017 1224 2121; baseline 0.002 -28"><span class='ocrx_word' id='word_1_77' title='bbox 74 2018 250 2112; x_wconf 78' lang='lat' dir='ltr'><strong>videret,</strong></span> <span class='ocrx_word' id='word_1_78' title='bbox 285 2017 429 2118; x_wconf 78' lang='lat' dir='ltr'><strong>polivit</strong></span> <span class='ocrx_word' id='word_1_79' title='bbox 461 2017 665 2121; x_wconf 72' lang='lat' dir='ltr'><em>oravitque</em></span> <span class='ocrx_word' id='word_1_80' title='bbox 696 2045 725 2093; x_wconf 86' lang='lat' dir='ltr'><strong><em>a</em></strong></span> <span class='ocrx_word' id='word_1_81' title='bbox 757 2018 841 2095; x_wconf 73' lang='lat' dir='ltr'><strong>mia</strong></span> <span class='ocrx_word' id='word_1_82' title='bbox 866 2017 1115 2095; x_wconf 64' lang='lat' dir='ltr'><strong>omiuaaimis</strong></span> <span class='ocrx_word' id='word_1_83' title='bbox 1147 2018 1224 2095; x_wconf 81' lang='lat' dir='ltr'><strong>ain-</strong></span> 
     </span>
     <span class='ocr_line' id='line_1_13' title="bbox 53 2134 1224 2240; baseline 0.003 -29"><span class='ocrx_word' id='word_1_84' title='bbox 53 2162 216 2240; x_wconf 14' lang='lat' dir='ltr'><strong>,penam</strong></span> <span class='ocrx_word' id='word_1_85' title='bbox 260 2149 308 2212; x_wconf 80' lang='lat' dir='ltr'><strong>ut</strong></span> <span class='ocrx_word' id='word_1_86' title='bbox 340 2134 546 2230; x_wconf 71' lang='lat' dir='ltr'><strong>Amida,</strong></span> <span class='ocrx_word' id='word_1_87' title='bbox 590 2163 711 2239; x_wconf 72' lang='lat' dir='ltr'><strong>qrtom</strong></span> <span class='ocrx_word' id='word_1_88' title='bbox 742 2140 922 2213; x_wconf 73' lang='lat' dir='ltr'><strong>nortdum</strong></span> <span class='ocrx_word' id='word_1_89' title='bbox 954 2137 1054 2214; x_wconf 75' lang='lat' dir='ltr'><strong>salia</strong></span> <span class='ocrx_word' id='word_1_90' title='bbox 1084 2138 1224 2214; x_wconf 70' lang='lat' dir='ltr'><strong>uasa-</strong></span> 
     </span>
     <span class='ocr_line' id='line_1_14' title="bbox 72 2254 1223 2357; baseline 0.003 -26"><span class='ocrx_word' id='word_1_91' title='bbox 72 2254 215 2348; x_wconf 67' lang='grc' dir='ltr'><strong>υἰεεει,</strong></span> <span class='ocrx_word' id='word_1_92' title='bbox 240 2257 492 2331; x_wconf 74' lang='lat' dir='ltr'><strong>odolereru.“</strong></span> <span class='ocrx_word' id='word_1_93' title='bbox 541 2254 628 2330; x_wconf 85' lang='lat' dir='ltr'><strong>Jam</strong></span> <span class='ocrx_word' id='word_1_94' title='bbox 652 2256 695 2329; x_wconf 91' lang='lat' dir='ltr'><strong>in</strong></span> <span class='ocrx_word' id='word_1_95' title='bbox 712 2258 972 2354; x_wconf 79' lang='lat' dir='ltr'><strong>amicissimis,</strong></span> <span class='ocrx_word' id='word_1_96' title='bbox 1008 2284 1107 2357; x_wconf 86' lang='lat' dir='ltr'><strong>quos</strong></span> <span class='ocrx_word' id='word_1_97' title='bbox 1132 2258 1223 2333; x_wconf 84' lang='lat' dir='ltr'><strong>Vir·</strong></span> 
     </span>
     <span class='ocr_line' id='line_1_15' title="bbox 72 2375 1223 2478; baseline 0.003 -29"><span class='ocrx_word' id='word_1_98' title='bbox 72 2376 188 2478; x_wconf 79' lang='lat' dir='ltr'><strong>gilius</strong></span> <span class='ocrx_word' id='word_1_99' title='bbox 212 2375 462 2451; x_wconf 85' lang='lat' dir='ltr'><strong>moribundus</strong></span> <span class='ocrx_word' id='word_1_100' title='bbox 487 2375 661 2473; x_wconf 84' lang='lat' dir='ltr'><strong>impense</strong></span> <span class='ocrx_word' id='word_1_101' title='bbox 693 2377 902 2477; x_wconf 79' lang='lat' dir='ltr'><strong>rogaverit,</strong></span> <span class='ocrx_word' id='word_1_102' title='bbox 946 2384 989 2450; x_wconf 91' lang='lat' dir='ltr'><strong>ut</strong></span> <span class='ocrx_word' id='word_1_103' title='bbox 1012 2376 1223 2453; x_wconf 81' lang='lat' dir='ltr'><strong>Aeneidem</strong></span> 
     </span>
     <span class='ocr_line' id='line_1_16' title="bbox 73 2493 1224 2596; baseline -0.001 -25"><span class='ocrx_word' id='word_1_104' title='bbox 73 2496 353 2588; x_wconf 84' lang='lat' dir='ltr'><strong>eomburerent,</strong></span> <span class='ocrx_word' id='word_1_105' title='bbox 376 2493 515 2567; x_wconf 84' lang='lat' dir='ltr'><strong>seimus</strong></span> <span class='ocrx_word' id='word_1_106' title='bbox 533 2493 648 2568; x_wconf 76' lang='lat' dir='ltr'><strong>luisse</strong></span> <span class='ocrx_word' id='word_1_107' title='bbox 666 2493 713 2567; x_wconf 88' lang='lat' dir='ltr'><strong>L.</strong></span> <span class='ocrx_word' id='word_1_108' title='bbox 723 2495 879 2570; x_wconf 87' lang='lat' dir='ltr'><strong>Varium</strong></span> <span class='ocrx_word' id='word_1_109' title='bbox 892 2503 1059 2595; x_wconf 78' lang='lat' dir='ltr'><strong>poetam.</strong></span> <span class='ocrx_word' id='word_1_110' title='bbox 1094 2495 1224 2596; x_wconf 76' lang='lat' dir='ltr'><strong>Quare</strong></span> 
     </span>
     <span class='ocr_line' id='line_1_17' title="bbox 72 2610 1224 2715; baseline -0.001 -25"><span class='ocrx_word' id='word_1_111' title='bbox 72 2613 293 2690; x_wconf 80' lang='lat' dir='ltr'><strong>verisimilis</strong></span> <span class='ocrx_word' id='word_1_112' title='bbox 324 2613 532 2687; x_wconf 81' lang='lat' dir='ltr'><strong>admodum</strong></span> <span class='ocrx_word' id='word_1_113' title='bbox 568 2621 627 2686; x_wconf 87' lang='lat' dir='ltr'><strong>est</strong></span> <span class='ocrx_word' id='word_1_114' title='bbox 660 2612 872 2715; x_wconf 86' lang='lat' dir='ltr'><strong>Spaldingii</strong></span> <span class='ocrx_word' id='word_1_115' title='bbox 910 2610 1129 2714; x_wconf 76' lang='lat' dir='ltr'><strong>oonjeottna</strong></span> <span class='ocrx_word' id='word_1_116' title='bbox 1162 2615 1224 2689; x_wconf 82' lang='lat' dir='ltr'><strong>di-</strong></span> 
     </span>
     <span class='ocr_line' id='line_1_18' title="bbox 72 2729 1225 2830; baseline -0.001 -20"><span class='ocrx_word' id='word_1_117' title='bbox 72 2732 220 2827; x_wconf 82' lang='lat' dir='ltr'><strong>oentis,</strong></span> <span class='ocrx_word' id='word_1_118' title='bbox 243 2731 348 2807; x_wconf 87' lang='lat' dir='ltr'><strong>hune</strong></span> <span class='ocrx_word' id='word_1_119' title='bbox 363 2730 490 2829; x_wconf 85' lang='lat' dir='ltr'><strong>ipsum</strong></span> <span class='ocrx_word' id='word_1_120' title='bbox 506 2729 623 2805; x_wconf 81' lang='lat' dir='ltr'><strong>fuisse</strong></span> <span class='ocrx_word' id='word_1_121' title='bbox 648 2754 700 2805; x_wconf 88' lang='lat' dir='ltr'><strong>ex</strong></span> <span class='ocrx_word' id='word_1_122' title='bbox 716 2731 785 2825; x_wconf 88' lang='lat' dir='ltr'><strong>iis,</strong></span> <span class='ocrx_word' id='word_1_123' title='bbox 812 2756 909 2830; x_wconf 90' lang='lat' dir='ltr'><strong>quos</strong></span> <span class='ocrx_word' id='word_1_124' title='bbox 932 2732 977 2806; x_wconf 84' lang='lat' dir='ltr'><strong>A.</strong></span> <span class='ocrx_word' id='word_1_125' title='bbox 997 2730 1145 2807; x_wconf 86' lang='lat' dir='ltr'><strong>Gellius</strong></span> <span class='ocrx_word' id='word_1_126' title='bbox 1160 2756 1225 2809; x_wconf 82' lang='lat' dir='ltr'><strong>ro·</strong></span> 
     </span>
     <span class='ocr_line' id='line_1_19' title="bbox 70 2848 1224 2951; baseline -0.003 -22"><span class='ocrx_word' id='word_1_127' title='bbox 70 2850 176 2929; x_wconf 80' lang='lat' dir='ltr'><strong>ferat</strong></span> <span class='ocrx_word' id='word_1_128' title='bbox 200 2850 387 2950; x_wconf 84' lang='lat' dir='ltr'><strong>quaedam</strong></span> <span class='ocrx_word' id='word_1_129' title='bbox 411 2850 460 2924; x_wconf 90' lang='lat' dir='ltr'><strong>de</strong></span> <span class='ocrx_word' id='word_1_130' title='bbox 485 2848 529 2923; x_wconf 90' lang='lat' dir='ltr'><strong>P.</strong></span> <span class='ocrx_word' id='word_1_131' title='bbox 545 2849 690 2951; x_wconf 81' lang='lat' dir='ltr'><strong>Virgilii</strong></span> <span class='ocrx_word' id='word_1_132' title='bbox 707 2850 860 2951; x_wconf 87' lang='lat' dir='ltr'><strong>ingenio</strong></span> <span class='ocrx_word' id='word_1_133' title='bbox 877 2851 1125 2949; x_wconf 85' lang='lat' dir='ltr'><strong>moribusque</strong></span> <span class='ocrx_word' id='word_1_134' title='bbox 1139 2874 1224 2926; x_wconf 87' lang='lat' dir='ltr'><strong>me-</strong></span> 
     </span>
     <span class='ocr_line' id='line_1_20' title="bbox 70 2968 1225 3073; baseline -0.004 -24"><span class='ocrx_word' id='word_1_135' title='bbox 70 2970 222 3049; x_wconf 82' lang='lat' dir='ltr'><strong>moriae</strong></span> <span class='ocrx_word' id='word_1_136' title='bbox 244 2968 471 3073; x_wconf 83' lang='lat' dir='ltr'><strong>prodidisse·</strong></span> <span class='ocrx_word' id='word_1_137' title='bbox 533 2970 727 3045; x_wconf 82' lang='lat' dir='ltr'><strong>Credibile</strong></span> <span class='ocrx_word' id='word_1_138' title='bbox 752 2976 882 3043; x_wconf 88' lang='lat' dir='ltr'><strong>autem</strong></span> <span class='ocrx_word' id='word_1_139' title='bbox 906 2977 986 3063; x_wconf 87' lang='lat' dir='ltr'><strong>est,</strong></span> <span class='ocrx_word' id='word_1_140' title='bbox 1019 2969 1096 3045; x_wconf 92' lang='lat' dir='ltr'><strong>hoo</strong></span> <span class='ocrx_word' id='word_1_141' title='bbox 1128 2993 1225 3069; x_wconf 83' lang='lat' dir='ltr'><strong>opu·</strong></span> 
     </span>
     <span class='ocr_line' id='line_1_21' title="bbox 71 3085 1224 3189; baseline -0.002 -22"><span class='ocrx_word' id='word_1_142' title='bbox 71 3090 224 3167; x_wconf 76' lang='lat' dir='ltr'><strong>serlum</strong></span> <span class='ocrx_word' id='word_1_143' title='bbox 239 3096 329 3189; x_wconf 84' lang='lat' dir='ltr'><strong>post</strong></span> <span class='ocrx_word' id='word_1_144' title='bbox 347 3085 497 3189; x_wconf 81' lang='lat' dir='ltr'><strong>Virgilii</strong></span> <span class='ocrx_word' id='word_1_145' title='bbox 520 3097 686 3163; x_wconf 90' lang='lat' dir='ltr'><strong>mortem</strong></span> <span class='ocrx_word' id='word_1_146' title='bbox 711 3112 747 3164; x_wconf 88' lang='lat' dir='ltr'><strong>a.</strong></span> <span class='ocrx_word' id='word_1_147' title='bbox 763 3088 808 3163; x_wconf 90' lang='lat' dir='ltr'><strong>U.</strong></span> <span class='ocrx_word' id='word_1_148' title='bbox 828 3087 871 3164; x_wconf 87' lang='lat' dir='ltr'><strong>G.</strong></span> <span class='ocrx_word' id='word_1_149' title='bbox 887 3086 976 3163; x_wconf 80' lang='lat'><strong>735.</strong></span> <span class='ocrx_word' id='word_1_150' title='bbox 1004 3088 1091 3165; x_wconf 89' lang='lat' dir='ltr'><strong>aL.</strong></span> <span class='ocrx_word' id='word_1_151' title='bbox 1109 3088 1224 3165; x_wconf 84' lang='lat' dir='ltr'><strong>Vario</strong></span> 
     </span>
     <span class='ocr_line' id='line_1_22' title="bbox 71 3205 1225 3307; baseline -0.001 -22"><span class='ocrx_word' id='word_1_152' title='bbox 71 3208 261 3307; x_wconf 66' lang='lat' dir='ltr'><strong>sospem</strong></span> <span class='ocrx_word' id='word_1_153' title='bbox 285 3215 325 3283; x_wconf 88' lang='lat' dir='ltr'><strong>et</strong></span> <span class='ocrx_word' id='word_1_154' title='bbox 350 3208 497 3282; x_wconf 87' lang='lat' dir='ltr'><strong>editum</strong></span> <span class='ocrx_word' id='word_1_155' title='bbox 520 3205 660 3301; x_wconf 85' lang='lat' dir='ltr'><strong>fuisse,</strong></span> <span class='ocrx_word' id='word_1_156' title='bbox 693 3233 771 3306; x_wconf 93' lang='lat' dir='ltr'><strong>quo</strong></span> <span class='ocrx_word' id='word_1_157' title='bbox 796 3208 908 3283; x_wconf 81' lang='lat' dir='ltr'><strong>amici</strong></span> <span class='ocrx_word' id='word_1_158' title='bbox 932 3208 991 3283; x_wconf 90' lang='lat' dir='ltr'><strong>sui</strong></span> <span class='ocrx_word' id='word_1_159' title='bbox 1015 3209 1225 3284; x_wconf 85' lang='lat' dir='ltr'><strong>memoriae</strong></span> 
     </span>
     <span class='ocr_line' id='line_1_23' title="bbox 72 3324 1225 3428; baseline -0.001 -24"><span class='ocrx_word' id='word_1_160' title='bbox 72 3336 118 3404; x_wconf 86' lang='lat' dir='ltr'><strong>et</strong></span> <span class='ocrx_word' id='word_1_161' title='bbox 139 3328 246 3403; x_wconf 85' lang='lat' dir='ltr'><strong>laudi</strong></span> <span class='ocrx_word' id='word_1_162' title='bbox 269 3326 372 3426; x_wconf 89' lang='lat' dir='ltr'><strong>apud</strong></span> <span class='ocrx_word' id='word_1_163' title='bbox 397 3327 577 3426; x_wconf 77' lang='lat' dir='ltr'><strong>aequales</strong></span> <span class='ocrx_word' id='word_1_164' title='bbox 602 3335 853 3427; x_wconf 87' lang='lat' dir='ltr'><strong>posterosque</strong></span> <span class='ocrx_word' id='word_1_165' title='bbox 883 3325 1098 3402; x_wconf 76' lang='lat' dir='ltr'><strong>eonsules-et</strong></span> <span class='ocrx_word' id='word_1_166' title='bbox 1122 3324 1225 3428; x_wconf 76' lang='lat' dir='ltr'><strong>eim-</strong></span> 
     </span>
     <span class='ocr_line' id='line_1_24' title="bbox 72 3446 1224 3555; baseline 0.003 -34"><span class='ocrx_word' id='word_1_167' title='bbox 72 3470 155 3555; x_wconf 84' lang='lat' dir='ltr'><strong>qne</strong></span> <span class='ocrx_word' id='word_1_168' title='bbox 177 3446 253 3547; x_wconf 81' lang='lat' dir='ltr'><strong>piis</strong></span> <span class='ocrx_word' id='word_1_169' title='bbox 276 3446 451 3520; x_wconf 82' lang='lat' dir='ltr'><strong>Manibus</strong></span> <span class='ocrx_word' id='word_1_170' title='bbox 474 3446 593 3523; x_wconf 82' lang='lat' dir='ltr'><strong>veluti</strong></span> <span class='ocrx_word' id='word_1_171' title='bbox 617 3453 855 3545; x_wconf 86' lang='lat' dir='ltr'><strong>parentaret,</strong></span> <span class='ocrx_word' id='word_1_172' title='bbox 883 3456 929 3520; x_wconf 92' lang='lat' dir='ltr'><strong>ut</strong></span> <span class='ocrx_word' id='word_1_173' title='bbox 953 3446 1082 3520; x_wconf 87' lang='lat' dir='ltr'><strong>statuit</strong></span> <span class='ocrx_word' id='word_1_174' title='bbox 1106 3447 1224 3524; x_wconf 86' lang='lat' dir='ltr'><strong>etiam</strong></span> 
     </span>
     <span class='ocr_line' id='line_1_25' title="bbox 73 3564 1203 3667; baseline -0.004 -22"><span class='ocrx_word' id='word_1_175' title='bbox 73 3566 125 3645; x_wconf 75' lang='lat' dir='ltr'><strong>G.</strong></span> <span class='ocrx_word' id='word_1_176' title='bbox 140 3565 222 3644; x_wconf 80' lang='lat' dir='ltr'><strong>Nio.</strong></span> <span class='ocrx_word' id='word_1_177' title='bbox 238 3564 500 3642; x_wconf 81' lang='lat' dir='ltr'><strong>lleerkensius</strong></span> <span class='ocrx_word' id='word_1_178' title='bbox 522 3565 566 3639; x_wconf 88' lang='lat' dir='ltr'><strong>in</strong></span> <span class='ocrx_word' id='word_1_179' title='bbox 589 3564 715 3641; x_wconf 79' lang='lat' dir='ltr'><strong>Praei.</strong></span> <span class='ocrx_word' id='word_1_180' title='bbox 741 3566 791 3640; x_wconf 89' lang='lat' dir='ltr'><strong>ad</strong></span> <span class='ocrx_word' id='word_1_181' title='bbox 814 3565 920 3641; x_wconf 84' lang='lat' dir='ltr'><strong>loon.</strong></span> <span class='ocrx_word' id='word_1_182' title='bbox 946 3590 987 3667; x_wconf 86' lang='lat' dir='ltr'><strong>p.</strong></span> <span class='ocrx_word' id='word_1_183' title='bbox 1004 3564 1127 3643; x_wconf 84' lang='lat' dir='ltr'>LVII.</span> <span class='ocrx_word' id='word_1_184' title='bbox 1198 3586 1203 3595; x_wconf 85' lang='grc'><strong><em>·</em></strong></span> 
     </span>
    </p>
   </div>
   <div class='ocr_carea' id='block_1_3' title="bbox 594 3772 718 3864">
    <p class='ocr_par' dir='ltr' id='par_1_3' title="bbox 594 3772 718 3864">
     <span class='ocr_line' id='line_1_26' title="bbox 594 3772 718 3864; baseline -0.032 -15"><span class='ocrx_word' id='word_1_185' title='bbox 594 3781 628 3864; x_wconf 83' lang='lat'><strong>§.</strong></span> <span class='ocrx_word' id='word_1_186' title='bbox 655 3772 718 3849; x_wconf 85' lang='lat' dir='ltr'><strong>ls.</strong></span> 
     </span>
    </p>
   </div>
   <div class='ocr_carea' id='block_1_4' title="bbox 10 3919 1225 4740">
    <p class='ocr_par' dir='ltr' id='par_1_4' title="bbox 71 3919 1225 4502">
     <span class='ocr_line' id='line_1_27' title="bbox 177 3919 1225 4024; baseline -0.001 -25"><span class='ocrx_word' id='word_1_187' title='bbox 177 3922 388 4024; x_wconf 82' lang='lat' dir='ltr'><strong>Postquam</strong></span> <span class='ocrx_word' id='word_1_188' title='bbox 428 3925 612 4004; x_wconf 85' lang='lat' dir='ltr'><strong>dovitae</strong></span> <span class='ocrx_word' id='word_1_189' title='bbox 651 3925 768 4000; x_wconf 87' lang='lat' dir='ltr'><strong>rebus</strong></span> <span class='ocrx_word' id='word_1_190' title='bbox 803 3924 1014 4024; x_wconf 73' lang='lat' dir='ltr'><strong>snudiisque</strong></span> <span class='ocrx_word' id='word_1_191' title='bbox 1045 3919 1094 3999; x_wconf 81' lang='lat' dir='ltr'><strong>L.</strong></span> <span class='ocrx_word' id='word_1_192' title='bbox 1118 3921 1225 3999; x_wconf 78' lang='lat' dir='ltr'><strong>Varii</strong></span> 
     </span>
     <span class='ocr_line' id='line_1_28' title="bbox 72 4041 1225 4144; baseline 0.002 -27"><span class='ocrx_word' id='word_1_193' title='bbox 72 4041 218 4119; x_wconf 80' lang='lat' dir='ltr'><strong>Poetae</strong></span> <span class='ocrx_word' id='word_1_194' title='bbox 249 4043 521 4144; x_wconf 76' lang='lat' dir='ltr'><strong>exposuimus,</strong></span> <span class='ocrx_word' id='word_1_195' title='bbox 561 4054 602 4121; x_wconf 88' lang='lat' dir='ltr'><strong>et</strong></span> <span class='ocrx_word' id='word_1_196' title='bbox 639 4044 689 4119; x_wconf 91' lang='lat' dir='ltr'><strong>de</strong></span> <span class='ocrx_word' id='word_1_197' title='bbox 729 4051 905 4142; x_wconf 85' lang='lat' dir='ltr'><strong>tempore</strong></span> <span class='ocrx_word' id='word_1_198' title='bbox 938 4051 1051 4141; x_wconf 86' lang='lat' dir='ltr'><strong>atque</strong></span> <span class='ocrx_word' id='word_1_199' title='bbox 1089 4041 1225 4119; x_wconf 89' lang='lat' dir='ltr'><strong>ordine</strong></span> 
     </span>
     <span class='ocr_line' id='line_1_29' title="bbox 71 4160 1225 4263; baseline 0.001 -25"><span class='ocrx_word' id='word_1_200' title='bbox 71 4160 364 4261; x_wconf 82' lang='lat' dir='ltr'><strong>inquisivimus,</strong></span> <span class='ocrx_word' id='word_1_201' title='bbox 390 4189 469 4263; x_wconf 89' lang='lat' dir='ltr'><strong>quo</strong></span> <span class='ocrx_word' id='word_1_202' title='bbox 490 4163 699 4242; x_wconf 84' lang='lat' dir='ltr'><strong>verisimile</strong></span> <span class='ocrx_word' id='word_1_203' title='bbox 714 4161 909 4238; x_wconf 82' lang='lat' dir='ltr'><strong>videretur</strong></span> <span class='ocrx_word' id='word_1_204' title='bbox 934 4161 983 4235; x_wconf 86' lang='lat' dir='ltr'><strong>ab</strong></span> <span class='ocrx_word' id='word_1_205' title='bbox 1009 4184 1057 4237; x_wconf 88' lang='lat' dir='ltr'><strong>eo</strong></span> <span class='ocrx_word' id='word_1_206' title='bbox 1082 4161 1225 4263; x_wconf 84' lang='lat' dir='ltr'><strong>seripta</strong></span> 
     </span>
     <span class='ocr_line' id='line_1_30' title="bbox 73 4281 1224 4387; baseline -0.002 -31"><span class='ocrx_word' id='word_1_207' title='bbox 73 4304 163 4356; x_wconf 86' lang='lat' dir='ltr'><strong>osse</strong></span> <span class='ocrx_word' id='word_1_208' title='bbox 196 4282 367 4380; x_wconf 83' lang='lat' dir='ltr'><strong>diversa,</strong></span> <span class='ocrx_word' id='word_1_209' title='bbox 410 4307 509 4383; x_wconf 88' lang='lat' dir='ltr'><strong>quae</strong></span> <span class='ocrx_word' id='word_1_210' title='bbox 532 4288 899 4387; x_wconf 75' lang='lat' dir='ltr'><strong>oommemorenttn,</strong></span> <span class='ocrx_word' id='word_1_211' title='bbox 933 4281 1117 4373; x_wconf 82' lang='lat' dir='ltr'><strong>earmina3</strong></span> <span class='ocrx_word' id='word_1_212' title='bbox 1157 4306 1224 4355; x_wconf 88' lang='lat' dir='ltr'><strong>su·</strong></span> 
     </span>
     <span class='ocr_line' id='line_1_31' title="bbox 73 4400 1225 4502; baseline 0 -27"><span class='ocrx_word' id='word_1_213' title='bbox 73 4407 229 4499; x_wconf 73' lang='lat' dir='ltr'><strong>peroet,</strong></span> <span class='ocrx_word' id='word_1_214' title='bbox 270 4409 316 4477; x_wconf 87' lang='lat' dir='ltr'><strong>nt</strong></span> <span class='ocrx_word' id='word_1_215' title='bbox 348 4426 482 4480; x_wconf 84' lang='lat' dir='ltr'><strong>eorum</strong></span> <span class='ocrx_word' id='word_1_216' title='bbox 514 4402 728 4502; x_wconf 73' lang='lat' dir='ltr'><strong>Reliquas,</strong></span> <span class='ocrx_word' id='word_1_217' title='bbox 764 4424 864 4500; x_wconf 87' lang='lat' dir='ltr'><strong>quae</strong></span> <span class='ocrx_word' id='word_1_218' title='bbox 896 4401 1090 4499; x_wconf 83' lang='lat' dir='ltr'><strong>dispersae</strong></span> <span class='ocrx_word' id='word_1_219' title='bbox 1123 4400 1225 4499; x_wconf 86' lang='lat' dir='ltr'><strong>apud</strong></span> 
     </span>
    </p>

    <p class='ocr_par' dir='ltr' id='par_1_5' title="bbox 10 4514 1225 4740">
     <span class='ocr_line' id='line_1_32' title="bbox 10 4514 1225 4622; baseline -0.002 -25"><span class='ocrx_word' id='word_1_220' title='bbox 10 4578 13 4583; x_wconf 83' lang='lat'><em>-</em></span> <span class='ocrx_word' id='word_1_221' title='bbox 73 4518 283 4621; x_wconf 66' lang='lat' dir='ltr'><strong>wiptores</strong></span> <span class='ocrx_word' id='word_1_222' title='bbox 306 4529 458 4598; x_wconf 80' lang='lat' dir='ltr'><strong>veteres</strong></span> <span class='ocrx_word' id='word_1_223' title='bbox 481 4523 748 4619; x_wconf 72' lang='lat' dir='ltr'><strong>invenirmlur,</strong></span> <span class='ocrx_word' id='word_1_224' title='bbox 787 4521 962 4597; x_wconf 82' lang='lat' dir='ltr'><strong>oolleotas</strong></span> <span class='ocrx_word' id='word_1_225' title='bbox 984 4514 1225 4622; x_wconf 75' lang='lat' dir='ltr'><strong>proferamus</strong></span> 
     </span>
     <span class='ocr_line' id='line_1_33' title="bbox 74 4634 1224 4740; baseline -0.005 -25"><span class='ocrx_word' id='word_1_226' title='bbox 74 4644 117 4715; x_wconf 77' lang='lat' dir='ltr'><strong>et</strong></span> <span class='ocrx_word' id='word_1_227' title='bbox 140 4639 415 4740; x_wconf 72' lang='lat' dir='ltr'><strong>quatiensque</strong></span> <span class='ocrx_word' id='word_1_228' title='bbox 447 4641 691 4717; x_wconf 83' lang='lat' dir='ltr'><strong>adnotatione</strong></span> <span class='ocrx_word' id='word_1_229' title='bbox 716 4647 848 4716; x_wconf 85' lang='lat' dir='ltr'><strong>nostra</strong></span> <span class='ocrx_word' id='word_1_230' title='bbox 881 4640 1127 4717; x_wconf 82' lang='lat' dir='ltr'><strong>illustremus.</strong></span> <span class='ocrx_word' id='word_1_231' title='bbox 1176 4634 1224 4709; x_wconf 92' lang='lat' dir='ltr'><strong>In</strong></span> 
     </span>
    </p>
   </div>
   <div class='ocr_carea' id='block_1_5' title="bbox 73 4751 1224 4863">
    <p class='ocr_par' dir='ltr' id='par_1_6' title="bbox 73 4751 1224 4863">
     <span class='ocr_line' id='line_1_34' title="bbox 73 4751 1224 4863; baseline -0.003 -4"><span class='ocrx_word' id='word_1_232' title='bbox 73 4751 1224 4863; x_wconf 60' lang='lat' dir='ltr'><strong>aqsammmmaanuuopwanqnjlm</strong></span> 
     </span>
    </p>
   </div>
   <div class='ocr_carea' id='block_1_6' title="bbox 0 0 1351 5236">
    <p class='ocr_par' dir='ltr' id='par_1_7' title="bbox 0 0 1351 5236">
     <span class='ocr_line' id='line_1_35' title="bbox 0 0 1351 5236; baseline 0 0"><span class='ocrx_word' id='word_1_233' title='bbox 0 0 1351 5236; x_wconf 95' lang='lat' dir='ltr'><strong> </strong></span> 
     </span>
    </p>
   </div>
  </div>
 </body>
</html>
