2670 5294
149 699 202 775 76
503 719 555 770 an
580 720 619 771 1..
643 717 770 771 vrato
784 718 943 774 161111.

149 888 383 966 oolloeanmt
406 883 524 958 llenr.
550 881 767 982 Stephanus
789 883 842 958 in
863 881 1015 985 Fragm-
1038 873 1200 959 l‘oetar.
1220 882 1291 961 lra-

149 1010 220 1084 tin.
245 1033 285 1107 p.
301 1001 390 1080 425.
401 1056 414 1097 ,
439 1000 708 1076 1611116116
733 1001 776 1076 in
801 998 1000 1104 Syntagm.
1026 1001 1144 1104 Trag.
1169 1002 1291 1080 Latin

148 1128 192 1201 P.
209 1125 241 1200 1.
267 1152 306 1224 p.
326 1123 432 1214 152„
457 1120 559 1195 Patr.
588 1116 801 1197 Seriverius
825 1122 868 1195 in
892 1120 1144 1197 collectaneis
1168 1122 1292 1199 Veter.

150 1245 302 1346 Tragia.
337 1268 378 1342 p.
401 1239 507 1332 157„
541 1237 617 1312 Th.
641 1236 678 1313 J.
703 1241 754 1313 ab
778 1239 1084 1316 Almeloveenius
1113 1240 1162 1314 in
1192 1239 1294 1341 Opu-

151 1364 266 1441 soulis
288 1358 540 1458 (Amstelaed.
569 1358 700 1455 1686.)
732 1386 772 1458 p.
798 1361 884 1434 182.
918 1365 979 1452 et,
1019 1358 1089 1458 qui
1123 1359 1293 1459 inprimis

151 1480 366 1582 diligentiae
389 1479 502 1551 laude
526 1476 690 1570 eminet,
715 1476 801 1553 lan.
818 1476 1040 1577 Rutgersius
1063 1476 1293 1554 in·Ven1ni-

150 1624 287 1675 narum
313 1595 540 1673 Leetiomun
566 1594 657 1696 Cap.
674 1594 745 1670 [Π.
770 1623 811 1695 p.
829 1592 1058 1693 245-52,
1092 1619 1215 1695 quem
1236 1620 1294 1672 se·

151 1719 230 1794 euti
250 1724 339 1791 sumt
354 1715 473 1790 Niool.
492 1713 743 1814 Ciampittius,
767 1713 898 1809 Italus,
921 1711 1134 1789 inl’raefat.
1146 1739 1182 1790 o.
1198 1716 1293 1816 apud

150 1837 347 1937 Kreyssig.
373 1860 411 1932 p.
432 1836 517 1908 127.
532 1859 617 1931 sqq.
643 1842 682 1908 et
706 1832 770 1908 Fr.
785 1833 833 1906 ll.
849 1832 1010 1909 Bothius
1034 1835 1078 1907 in
1092 1832 1293 1911 Poetarum

37 2026 40 2035 .
151 1956 266 2032 Soen.
284 1955 411 2029 Latio.
438 1952 525 2027 Vol.
543 1951 592 2026 V.
616 1951 661 2026 P.
682 1954 717 2027 l.
741 1978 781 2050 p.
801 1954 889 2027 272.
908 1947 1007 2027 'llos
1020 1959 1292 2029 tamenomnes
1312 2039 1316 2049 ¹

150 2079 185 2152 si
210 2076 345 2149 dixero
371 2096 418 2147 ea
441 2073 485 2146 in
508 2096 554 2146 re
578 2070 633 2144 ita
656 2078 828 2147 versatos
852 2094 957 2165 esso,
982 2076 1027 2145 ut
1052 2070 1163 2145 haud
1181 2094 1292 2172 [16661

150 2192 375 2291 reliquerint
396 2190 461 2267 vel
485 2189 659 2264 addenda
683 2190 746 2267 vel
769 2190 1028 2283 emendanda,
1054 2214 1142 2265 non
1165 2215 1291 2267 veren-

15 2403 22 2417 θ
151 2314 245 2389 dum
270 2309 367 2385 mihi
392 2308 487 2402 erit,
529 2331 579 2382 ne
610 2308 652 2380 in
676 2309 929 2408 suspicionem
952 2331 1096 2407 pravae
1123 2310 1291 2386 ambitio·

150 2432 211 2506 nis
244 2437 309 2504 aut
340 2427 530 2530 malignae
562 2427 843 2521 olrtreotationis
874 2426 1212 2526 reprehensionem
1237 2428 1290 2503 111-

153 2572 316 2626 61111616.

253 2667 341 2744 lam
365 2690 454 2742 oum
486 2665 692 2765 probabilis
718 2662 958 2769 oonjeottuue
983 2664 1085 2742 viem
1110 2666 1291 2766 persemti

152 2786 556 2878 demonstraremus,
605 2782 653 2857 L.
694 2785 854 2861 Varium
895 2785 1064 2880 Thyeste
1107 2785 1292 2887 tragoedia

152 2905 341 3000 effecisse,
375 2912 417 2978 ut
440 2904 619 3003 insignis,
655 2928 771 3003 quam
795 2905 913 3003 epiois
938 2903 1172 2980 oar-minibus
1197 2904 1292 3003 apud

151 3026 327 3124 aequales
352 3023 425 3096 sibi
441 3034 660 3120 pepererat,
686 3022 805 3124 gloria
829 3023 930 3123 apud
954 3028 1131 3122 posteros
1156 3046 1293 3123 prope

151 3143 309 3219 modum
343 3146 425 3233 tota
468 3150 730 3232 evanesceret3
773 3141 903 3217 licebit
940 3131 1052 3216 nobis
1084 3143 1293 3217 earminum

151 3257 236 3361 ejus
269 3258 480 3359 fragmenta
513 3257 577 3332 lrio
610 3261 919 3358 peroensentibus
957 3260 1007 3335 ab
1051 3261 1202 3337 eximio
1233 3261 1293 3335 illo

151 3401 291 3478 opere,
318 3379 422 3477 quod
446 3378 604 3477 quidem
628 3380 799 3453 omnium
820 3375 904 3481 ejus
919 3386 1138 3479 poematum
1151 3387 1295 3479 postre-

151 3521 260 3572 mum
291 3495 409 3572 fuisse
434 3497 698 3595 probavimus,
732 3497 884 3573 initium
907 3498 1046 3574 faeere.
1104 3496 1296 3575 Aooedunt

151 3616 245 3708 alia,
281 3638 379 3714 quae
403 3615 596 3690 inversum
620 3622 666 3689 ut
690 3640 893 3714 sequemur
910 3618 1091 3716 temporis
1109 3618 1295 3711 ordinem,

151 3735 322 3811 madent.
372 3733 469 3808 Nem
493 3733 658 3808 mirabili
683 3737 848 3834 quadam
874 3734 941 3810 fati
954 3735 1154 3835 iniquitate
1172 3737 1296 3812 1166616

152 3855 279 3930 dieam
312 3877 363 3927 an
395 3852 561 3927 ludibrio
601 3853 759 3949 accidit,
803 3862 846 3930 ut
875 3853 925 3928 L.
957 3855 1095 3930 Varius
1128 3850 1297 3955 ejusdem

149 3974 252 4049 illius
271 3972 486 4067 Thyestae,
511 3994 609 4069 quae
633 3979 778 4047 tantam
796 3974 969 4049 omnium
982 3975 1121 4050 hderat
1134 3973 1297 4065 laudam,

150 4092 369 4195 tragoediae
403 4096 535 4165 auotor
566 4116 647 4167 non
678 4090 882 4169 inhonesta
915 4100 1082 4188 tantum,
1122 4094 1194 4168 sed
1218 4115 1299 4169 seo-

152 4209 248 4285 lesta
272 4210 390 4286 etiam
415 4207 477 4286 via
512 4232 557 4285 ao
590 4208 738 4284 ratione
762 4209 883 4286 faetus
909 4235 993 4287 esse
1017 4212 1300 4311 perhiberehn.

153 4325 269 4428 Cujus
293 4329 452 4426 quidem
485 4329 545 4402 rei
575 4326 671 4403 lides
696 4351 784 4403 eam
807 4330 942 4404 hahuit
965 4331 1063 4423 vim,
1096 4338 1140 4404 ut
1165 4331 1302 4407 lauda-

151 4446 320 4521 tissimus
344 4446 411 4521 ille
434 4454 550 4547 poeta
572 4448 703 4522 locum
725 4446 915 4524 inveniret
932 4448 981 4523 in
1005 4448 1305 4547 Plagiarimm

152 4562 307 4663 Syllaho
341 4564 443 4663 apud
477 4565 808 4642 Almeloveenium
840 4567 883 4641 in
917 4566 1119 4668 Opusoulis
1150 4596 1193 4669 p.
1214 4569 1305 4646 104.

151 4682 249 4760 liam
274 4686 423 4757 veteres
445 4679 691 4761 Grammatioi
715 4685 872 4785 quidm
896 4690 1104 4765 memoriae
1128 4690 1305 4784 tradunt,

152 4802 271 4879 1111166
278 4848 297 4899 ,
330 4797 398 4901 qai
429 4799 765 4882 celebratissimam
797 4805 903 4883 illam
927 4807 1164 4911 tragoediam
1188 4814 1258 4887 ant
1280 4831 1308 4885 11
