2670 5294
444 297 493 347 or
522 297 659 348 csss1o
687 297 907 348 rsnnrusr.
1182 278 1257 353 257

216 460 262 534 ln
286 458 360 534 bac
377 457 620 560 Wesselingii
645 460 894 559 disputatione
918 460 1163 538 vehementer
1188 466 1257 541 de-

107 581 242 655 sidero
275 578 550 655 sementinam
583 602 715 653 rernm
746 587 937 678 gestannn
976 583 1258 659 enarrationem

106 701 430 797 suluilioremque
464 698 669 795 temporis,
719 722 798 795 ‹pro
837 698 1005 798 quidque
1039 708 1166 775 aetrun
1198 705 1257 797 sit,

106 820 371 910 notationem,
415 840 491 915 qua
523 816 597 891 bae
629 816 671 890 in
705 839 835 892 caussa
860 841 1103 916 nequaquam
1129 844 1259 897 carere

108 962 330 1039 pessimius.

629 1132 660 1212 §.
690 1122 749 1197 14.

216 1296 424 1394 Postquam
458 1292 599 1368 Caesar
631 1291 879 1388 Octavianus,
921 1306 1112 1395 comperta
1147 1300 1260 1375 Cleo·

109 1422 247 1515 patrae
279 1422 320 1489 et
344 1412 396 1485 M.
422 1412 574 1486 Antonii
610 1436 663 1486 ex
697 1414 842 1510 proelio
868 1413 1017 1489 Actiaco
1043 1418 1150 1519 luga,
1188 1421 1258 1495 ali-

112 1540 209 1633 quot
253 1557 369 1609 naves
412 1530 657 1623 Liburnicas,
700 1530 866 1628 Ernqele
906 1534 1024 1624 (lutee,
1070 1537 1259 1631 emiserat,

112 1675 216 1751 quae
248 1652 336 1725 illos
369 1656 712 1749 persesprerentur,
749 1651 833 1748 ipsa
857 1652 1015 1724 Antonii
1041 1653 1168 1728 elassis
1194 1657 1260 1730 diu

112 1770 341 1867 fortiterque
375 1768 568 1842 obluctata
599 1767 756 1842 demum
787 1769 880 1843 bora
905 1766 987 1869 ejus
1012 1771 1088 1844 diei
1113 1774 1260 1849 decima

111 1889 217 1964 vieta
249 1886 470 1976 succubuit,
513 1895 669 1961 astatore
703 1888 903 1963 Plutarcho
935 1888 977 1961 in
1004 1890 1078 1963 l‘it.
1106 1891 1259 1967 Antonii

114 2032 150 2082 e.
167 2008 233 2081 68.
251 2014 289 2082 et
305 2007 370 2081 oe.
431 2002 510 2079 Sed
535 2013 729 2103 supererat
755 2007 947 2080 exercitus
971 2014 1173 2105 terrester,
1199 2013 1260 2085 in-

114 2132 222 2226 teger
247 2125 372 2199 adbuc
392 2132 434 2199 et
457 2123 688 2223 rmdeviginti
713 2124 883 2225 legiones
903 2131 940 2198 et
956 2125 1157 2202 ‹lumlecim
1174 2131 1261 2202 mil-

115 2244 168 2318 lia
192 2244 367 2341 espritum
391 2243 572 2342 explens,
603 2243 690 2339 qni,
718 2242 925 2340 repudiatis
951 2242 1120 2318 Caesaris
1146 2246 1261 2322 Oeta-

115 2363 221 2437 viaui
254 2362 405 2462 legatis,
447 2384 517 2458 per
554 2368 700 2458 septem
741 2361 823 2433 dies
858 2367 1072 2434 constanter
1114 2364 1154 2437 in
1187 2366 1262 2440 lide

115 2489 291 2555 maneret
313 2486 374 2573 et,
401 2480 531 2577 elapso
556 2479 712 2554 demum
735 2504 789 2554 ex
815 2479 946 2552 castris
968 2478 1125 2556 Canidia
1151 2484 1260 2578 dirce,

118 2599 254 2678 victori
286 2622 329 2674 se
362 2600 539 2673 traderet.
610 2598 695 2690 Quo
727 2596 827 2671 facto
862 2598 1000 2672 Caesar
1033 2597 1261 2677 Octavianus

119 2718 288 2795 Athenas
311 2716 524 2816 navigavit,
549 2716 593 2787 τά
613 2744 650 2786 τε
672 2719 707 2789 ἐν
727 2724 769 2810 τῇ
785 2716 916 2787 Ἑλλάδι
938 2717 1097 2810 διῴκησε,
1118 2724 1175 2792 καὶ
1196 2730 1262 2793 τῶν

118 2848 191 2911 τοῖν
209 2846 309 2909 θεοῖν
328 2837 517 2929 μυστηρίων
539 2838 737 2923 μετέλαβεν,
773 2844 817 2910 ut
852 2843 937 2910 utar
969 2838 1096 2912 verbis
1128 2838 1261 2915 Dionis

118 2955 239 3031 Cassii
262 2953 371 3030 Libr.
395 2954 462 3028 Li.
496 2980 530 3030 c.
552 2955 591 3027 4.
627 2951 675 3029 cl.
701 2950 908 3029 Suetonius
934 2979 967 3029 o.
984 2956 1047 3029 93.
1107 2955 1152 3030 Id
1176 2958 1260 3033 fieri

118 3074 254 3151 ‹lebuit
287 3098 357 3171 per
388 3098 542 3148 menses
577 3070 783 3147 Octobrem
816 3082 855 3148 et
880 3074 1134 3151 Nouembrem
1160 3100 1193 3147 a.
1217 3078 1262 3152 U.

118 3194 164 3269 G.
192 3194 280 3266 723.
331 3192 460 3266 Rebus
483 3192 526 3264 in
548 3190 708 3266 Graecia
735 3193 945 3266 constitutis
970 3194 1011 3266 iu
1035 3194 1162 3266 Asiam
1187 3202 1264 3267 tra-

116 3309 212 3411 jecit
245 3310 500 3385 sciscitaturus
534 3312 583 3384 de
615 3310 703 3409 luga
729 3310 780 3383 Μ.
803 3310 978 3402 Antonii,
1006 3319 1046 3383 et
1072 3310 1178 3382 Sami
1202 3311 1263 3382 bi·

117 3432 288 3504 bernans
320 3454 408 3505 cum
441 3428 494 3501 M.
522 3428 670 3503 Licinio
697 3427 832 3502 Crasso
858 3436 1036 3525 ‹purtinn
1062 3427 1147 3499 iniit
1172 3452 1264 3501 eou-

118 3550 286 3621 unauna
293 3599 306 3640 ,
346 3549 501 3621 ineunte
534 3572 633 3621 anno
660 3548 705 3620 U.
732 3547 773 3622 G.
802 3548 889 3621 724.
940 3548 1026 3622 lam
1052 3545 1201 3645 degenti
1227 3547 1264 3619 ei

119 3669 163 3741 in
196 3667 263 3740 illa
296 3666 419 3740 irmrrla
453 3674 491 3741 et
524 3666 668 3739 bellmn
695 3666 841 3765 paranti
866 3664 988 3738 Roma
1014 3665 1150 3738 allatae
1176 3672 1264 3737 sunt

118 3788 274 3861 litterae
306 3786 355 3858 ab
389 3784 573 3886 Agrippa,
614 3810 731 3882 quem
763 3791 854 3882 post
885 3807 1051 3883 pugnam
1076 3782 1265 3857 Actiacam

120 3906 322 3981 remiserat
353 3911 393 3978 et
426 3928 514 3979 cumr
539 3903 755 3976 Maecenate
781 3902 925 3976 Romae
958 3901 1165 4000 Italiaeque
1197 3902 1267 3976 ad·

120 4023 392 4111 ministrandae
414 4022 659 4122 praefecerat.
711 4021 791 4094 Illis
818 4021 952 4095 litteris
968 4022 1009 4094 in
1028 4021 1176 4095 Italiam
1195 4046 1267 4096 vo-

122 4152 229 4217 catus
262 4149 343 4234 est,
386 4151 431 4214 nt
464 4149 565 4214 ortas
599 4141 654 4211 ibi
678 4140 844 4213 militum
869 4147 1139 4214 veteranorum
1165 4141 1268 4213 serli-

122 4261 249 4335 tioues
289 4266 550 4359 componeret.
627 4256 691 4331 Ex
734 4257 821 4330 Asia
871 4257 983 4357 igilur
1026 4260 1105 4333 sive
1144 4259 1267 4331 insula

125 4378 267 4470 Sauro,
311 4403 409 4476 qnae
435 4378 484 4451 ad
516 4377 643 4452 Asiam
666 4376 904 4479 provinciam
929 4377 1164 4476 pertinebat,
1192 4395 1267 4445 11011

171 4495 367 4559 Wmcnsar.
390 4496 566 4560 Genusus.
1015 4499 1062 4569 17
