2670 5294
505 290 711 343 excussus
734 293 779 343 u.
1142 269 1214 344 147

111 454 256 547 ,nm
278 450 355 527 rus
379 451 575 532 carm
597 452 804 551 emaus,
830 399 1010 550 ebes,
1041 458 1211 552 rcum,

164 570 377 674 Annapae
389 572 610 672 fraternae
633 573 768 649 tristia
789 573 981 667 mditiaer

108 690 266 794 Atpae,
297 690 361 767 ita
385 690 461 767 suu
472 691 609 790 felic,
642 692 773 794 primo
796 694 1000 770 coalendis
1022 699 1212 789 Homero,

165 811 254 887 stru
276 811 394 885 modo
408 811 516 909 fata
540 810 621 887 tais
644 812 781 887 mollia
805 814 1058 889 criminibus.

109 934 218 1026 Nos,
242 942 290 1005 ut
313 955 563 1024 consumas,
588 943 742 1007 rsostros
767 933 968 1029 agitamus
993 960 1161 1025 amores,

164 1048 299 1151 Atque
315 1048 470 1151 altpaid
488 1052 633 1125 duram
657 1051 883 1152 pstaerrm
907 1051 954 1127 ia
967 1051 1212 1128 dominam.“

57 1172 148 1266 Quo
173 1194 227 1245 ex
250 1170 338 1247 loeo
361 1176 467 1245 recte
481 1170 695 1269 colligitur,
720 1170 922 1247 Ponticum
937 1173 1100 1247 heroicis
1122 1197 1213 1248 ver-

59 1291 169 1365 sibus
196 1288 454 1389 composuisse
483 1288 707 1383 Thebaida,
733 1288 777 1363 in
801 1314 923 1388 eoque
952 1292 1213 1389 componenda

59 1418 148 1485 tum
177 1408 350 1483 maxime
382 1416 611 1507 oecupstum
642 1406 773 1482 firisse.
830 1407 932 1483 Num
955 1411 1019 1483 ills
1044 1410 1213 1485 Thebais

60 1528 240 1603 absolute
272 1550 459 1625 umquem
492 1533 534 1601 ct
564 1526 706 1625 publici
739 1522 834 1626 jruis
865 1526 964 1603 fscts
996 1527 1132 1622 buerit,
1172 1529 1214 1603 in

60 1646 195 1723 medio
211 1646 440 1744 relinquam.
492 1644 649 1721 Certum
663 1652 793 1720 sutem
810 1653 890 1738 est,
917 1647 1095 1721 eumdem
1111 1650 1215 1722 Pon-

62 1766 186 1843 ticum
208 1764 359 1841 lsuduri
383 1764 432 1837 ab
448 1760 587 1841 Ouidio
614 1771 655 1838 et
677 1766 874 1840 munerari
895 1765 1000 1839 inter
1016 1790 1106 1841 suos
1118 1790 1215 1841 con·

62 1885 243 1961 victores.
302 1880 391 1957 Jsm
415 1881 635 1981 Propertius
667 1883 784 1958 etium
807 1884 857 1958 ud
879 1885 1053 1960 Bassam
1076 1912 1215 1985 quem-

62 2004 155 2079 dum
180 2001 332 2101 scripsit
354 1994 514 2075 Libril.
539 1999 648 2103 Eleg.
666 2006 725 2076 4.:

120 2119 229 2219 Quid
250 2117 354 2195 mibi
367 2132 453 2201 tam
471 2120 619 2195 multas
637 2121 865 2214 laudande,
889 2123 1015 2197 Basse
1020 2173 1036 2215 ,
1056 2124 1216 2223 psallas

169 2240 374 2325 Msstatsm
398 2235 561 2315 donum
584 2236 691 2333 cogis
715 2238 827 2313 abire
849 2234 967 2313 crea?

63 2360 107 2435 in
132 2381 277 2459 enque,
312 2357 487 2433 simulata
513 2355 653 2432 festive
676 2357 755 2449 irs,
781 2382 872 2432 oum
888 2354 1083 2460 objmgst,
1110 2360 1215 2459 quod

63 2502 107 2553 se
133 2500 159 2551 s
177 2474 369 2573 Cynthius·
386 2498 518 2552 umore
543 2475 760 2550 abalienare
785 2483 965 2567 conetur,
992 2477 1106 2574 eique
1124 2502 1216 2553 sues

64 2596 237 2699 puellae,
263 2589 373 2695 cujus
391 2594 624 2670 excellentes
649 2592 819 2692 corporis
831 2593 1037 2691 ·snimique
1053 2595 1216 2672 virtutes

66 2714 250 2813 exponit,
288 2713 388 2789 irum
419 2712 631 2789 minitntsu.
695 2713 795 2788 Tota
826 2712 922 2788 hoec
945 2712 1075 2815 Elegia
1104 2713 1218 2789 furni-

65 2834 273 2911 lisritetem
309 2831 554 2925 interiorem,
597 2855 696 2931 quse
732 2830 933 2930 Propertio
977 2856 1065 2906 cum
1098 2834 1217 2909 Basso

67 2952 140 3027 islo
164 2950 442 3045 intercesserit,
467 2956 644 3027 testatem
667 2948 771 3025 fecit.
823 2949 939 3049 Atqui
964 2949 1067 3026 hunc
1088 2951 1218 3050 ipsum

67 3058 264 3162 Bessara,
295 3066 493 3145 hominem
516 3064 727 3171 jocularem
752 3073 793 3142 et
815 3067 1022 3164 lascivmn,
1052 3070 1219 3144 arbitror

68 3188 189 3262 luisse
213 3187 324 3263 dulce
349 3187 545 3263 convictus
566 3186 745 3265 Ovidiuni
768 3187 999 3260 membrsun.
1050 3186 1219 3286 Proper-

68 3306 144 3383 tius
167 3306 286 3407 igitur
309 3312 351 3381 et
375 3302 536 3382 Ovidius
560 3328 784 3382 communes
816 3304 1035 3378 habuerunt
1058 3300 1220 3379 familis·

68 3450 155 3519 res,
182 3422 389 3499 Ponticum
412 3430 454 3497 et
479 3426 663 3497 Rasacm.
714 3421 801 3497 Non
825 3423 967 3514 obstat,
995 3423 1098 3519 quod
1123 3422 1220 3498 Pro·

69 3542 221 3643 portius
243 3544 287 3617 in
309 3542 378 3618 ills
400 3540 532 3645 Elegia
555 3540 698 3616 nullum
722 3534 785 3616 'de
810 3540 940 3616 stsuliis
963 3539 1072 3614 Bessi
1094 3540 1221 3639 poeti·

70 3662 126 3739 cis
150 3662 386 3737 mentionem
409 3658 514 3736 fecis
565 3661 663 3736 Num
685 3666 748 3753 ut,
782 3661 888 3758 quod
913 3658 1056 3749 sentio,
1082 3656 1219 3753 dicum,

69 3780 169 3855 mihi
192 3779 345 3856 ridetur
369 3778 531 3857 Ovidius
554 3779 598 3853 in
619 3778 820 3853 laudandis
847 3775 1128 3853 convictoribus
1143 3777 1220 3852 illis

70 3900 153 3973 suis
177 3899 264 3998 plus
288 3898 475 3975 amicitiae
498 3920 617 3997 qinom
643 3896 791 3973 veritati
817 3894 979 3971 dedisse.
1030 3893 1090 3969 lle
1114 3895 1223 3970 Poa-

71 4014 145 4099 h‘vs'
178 4016 378 4093 Thebaide
411 4040 512 4115 qum
544 4017 596 4090 sit
626 4016 815 4091 sententis
847 4039 955 4109 mes,
988 4015 1103 4114 paulo
1130 4023 1221 4089 aute

71 4135 229 4235 sperui3
261 4136 436 4211 limeum
465 4142 595 4212 sutem
626 4134 797 4233 suspicor
821 4158 1031 4232 nimquam
1054 4134 1129 4207 nisi
1152 4159 1222 4230 por

73 4256 199 4331 otium
213 4263 254 4333 et
278 4256 397 4331 nnimi
414 4277 545 4333 cernes
558 4250 765 4329 scribendis
783 4252 926 4329 lembis
942 4275 1107 4329 vscssse.
1143 4249 1222 4321 lts·

73 4398 154 4474 quc
176 4376 378 4477 utrimque
401 4374 529 4451 stsuliu
552 4372 701 4475 poetice
732 4372 879 4451 nemini
910 4371 1087 4470 cuiquam
1110 4367 1223 4441 imn-

926 4492 1011 4567 10*
