2670 5294
466 294 515 342 or
542 292 678 342 cessio
698 294 918 345 mansuer.
1182 273 1259 348 297

107 449 187 549 ipsi
218 450 272 525 M.
299 452 429 528 Tullio
462 453 637 529 Ciceroni
671 456 851 530 tribuitur
879 458 1057 557 Orpheum
1080 481 1148 533 seu
1175 483 1259 533 car·

107 593 206 645 men
247 574 298 645 de
339 574 581 647 adolescente
619 574 792 648 studioso
832 577 880 649 ad
920 576 1092 649 Marcum
1136 576 1258 652 filium

107 688 274 763 Athenis
306 700 620 767 commorantem.
679 692 817 768 Exstat
841 695 931 767 illud
956 695 998 768 in
1024 694 1123 793 Opp.
1151 697 1258 770 Cice·

109 832 199 881 ron.
232 807 409 884 Editione
445 810 577 885 Venet.
608 812 719 885 1593.
754 816 791 886 8.
826 811 875 887 ci.
901 813 1095 887 Fabricius
1127 814 1166 885 in
1193 816 1257 889 Bi-

109 924 249 1001 bliotlr.
276 926 359 1001 Lat.
386 927 493 1002 Libr.
508 929 538 1002 l.
565 954 599 1003 c.
617 932 654 1003 8.
682 930 845 1004 Tomi.
872 958 911 1030 p.
929 932 1017 1005 225.
1044 932 1134 1005 Em.
1179 931 1258 1005 Sed

112 1047 404 1144 suppositicium
429 1048 523 1119 illud
549 1070 634 1120 esse
669 1070 713 1121 ac
750 1047 941 1124 Ciceronis
974 1051 1124 1149 ingenio
1157 1052 1258 1123 indi·

113 1188 253 1263 goum,
295 1188 382 1239 cum
415 1166 480 1238 alii
513 1161 593 1265 jam
633 1163 867 1265 judicarunt,
910 1176 993 1241 tum
1031 1170 1146 1243 etiam
1177 1169 1258 1244 Lo-

114 1281 274 1359 beckius
306 1284 348 1357 in
382 1283 565 1384 Aglaoph.
593 1284 706 1359 Tem.
725 1285 757 1358 Ι.
783 1313 822 1383 p.
839 1288 928 1360 338.
954 1285 1040 1361 Not.
1059 1287 1126 1361 nt.
1185 1288 1257 1361 nt-

115 1402 182 1499 ‹pti
215 1428 304 1477 orm
338 1402 412 1476 hoc
439 1402 820 1477 Pseudo-Ciceronis
854 1402 936 1477 fetu
969 1406 1157 1505 insignem
1186 1406 1257 1479 ha-

112 1518 206 1595 bent
222 1521 522 1616 similimdinem,
542 1522 576 1594 si
591 1530 855 1622 argmnenttmr
870 1529 1094 1620 spectamus,
1113 1548 1256 1617 versus,

109 1638 181 1739 qui
207 1638 337 1716 Cassio
361 1639 559 1713 Parmensi
584 1640 749 1714 adscribi
774 1641 917 1734 solent,
949 1641 1011 1715 hi:

160 1756 349 1853 Argutae
370 1756 547 1858 primum
571 1784 661 1831 mem
678 1758 833 1857 plectro
854 1758 1035 1858 pruentia
1057 1772 1095 1833 et
1120 1784 1221 1833 ‹tiero

160 1876 402 1951 Distinctnm
426 1876 569 1952 surnsit
593 1875 790 1951 citharam
814 1877 1071 1978 Rhodopeius
1095 1880 1222 1972 lieres,

157 1994 367 2071 Ridednnt
391 2022 526 2091 segnes
544 1996 711 2095 pulsus,
740 1994 959 2096 digitosque
982 1997 1172 2072 micantes

160 2113 317 2208 Serius,
343 2126 381 2189 et
404 2113 562 2189 chordis
586 2112 768 2188 indoctae
792 2115 953 2188 dissono
978 2115 1092 2189 vocis.

159 2234 266 2307 Mon·
289 2234 665 2333 pudoratissima,
692 2244 730 2305 et
750 2232 880 2327 glorio
908 2232 1033 2307 deiicis
1058 2234 1213 2329 desecati

161 2350 335 2427 Mullus
359 2350 502 2426 auertit
524 2349 750 2451 pecerililrus.
805 2348 943 2425 &nnis
968 2362 1007 2424 et
1030 2350 1123 2425 illuc

161 2469 347 2545 Perditus
371 2467 614 2560 incumbens,
638 2472 783 2542 Musae
802 2470 981 2569 pallebat
1006 2495 1152 2559 autore,

163 2588 220 2663 Et
242 2614 349 2663 nunc
370 2587 562 2663 materms
584 2587 738 2677 inhiat,
764 2612 871 2661 nunc
893 2587 958 2662 a'lle
981 2587 1162 2687 paternis

168 2707 374 2784 cantibus.
425 2704 532 2781 Hinc
549 2706 655 2781 illinc
678 2704 828 2779 discens
846 2708 1033 2805 dependet
1052 2705 1258 2809 utrirnpue.

162 2828 289 2903 Nullo
316 2824 361 2903 V
354 2851 451 2899 enus
463 2824 620 2924 sociem
644 2822 747 2923 cepit
771 2825 938 2900 mentitu
963 2823 1109 2899 dolosis

167 2942 445 3045 Compedibus:
470 2942 602 3019 somnii
612 2944 762 3042 fuerat
783 2969 1005 3044 patruusque
1030 2943 1165 3042 Lycei,

163 3068 320 3155 Domo,
345 3060 539 3137 ridiculus
564 3064 735 3154 dudum,
760 3062 1030 3137 snodulomine
1053 3062 1188 3157 saluos,

163 3184 406 3281 Eoulsospue
428 3179 514 3255 suis
538 3182 714 3280 scopulos
736 3179 936 3256 radicibus
962 3182 1051 3276 egit.

164 3300 305 3379 Anna
324 3312 362 3374 et
386 3297 445 3373 ire
467 3297 576 3373 vium
600 3296 817 3372 uiuetttdus
841 3297 1116 3390 uincencessmn,

165 3422 392 3496 Poenorum
416 3416 553 3493 oblitos
577 3415 759 3491 annotatt
784 3416 960 3491 curiniuc
983 3420 1137 3491 llluues.

112 3760 201 3827 latr.
220 3758 311 3823 xm.
340 3767 416 3825 268.
467 3759 535 3842 Qua
562 3763 594 3821 in
620 3781 654 3822 re
674 3762 773 3837 lapsos
792 3768 838 3821 est
857 3761 902 3819 vir
921 3759 1069 3837 egregios.
1111 3757 1258 3835 imperso-

112 3850 180 3911 nte
200 3850 277 3909 enim
296 3848 413 3930 refert,
436 3844 544 3927 Etyma
568 3856 704 3923 poscente
714 3888 725 3919 ,
754 3855 916 3907 constanter
931 3847 1119 3920 penultimam
1139 3848 1257 3923 longam

113 3932 221 4011 hbes,
254 3932 308 3995 sed
332 3934 452 4015 refme
480 3954 641 4008 nusquam,
663 3932 721 3991 nisi
741 3932 771 3989 in
793 3928 942 3990 Perfecto:
975 3934 1057 4005 cujus
1078 3930 1193 4007 quidem
1214 3934 1258 3993 rei

113 4023 254 4083 rationem
273 4038 331 4077 non
351 4022 422 4079 satis
442 4020 609 4095 explanarit
624 4015 713 4079 Geor.
734 4015 774 4076 L.
790 4014 982 4076 Schneiderm
997 4017 1027 4073 in
1041 4012 1096 4077 Gr.
1111 4016 1178 4079 Lat.
1186 4016 1212 4079 l.
1224 4026 1255 4079 2.

114 4124 143 4183 p.
158 4109 236 4169 589.
279 4102 424 4181 Equidem
445 4124 544 4165 sanam
564 4124 631 4165 esse
651 4104 775 4163 arbitror
794 4120 894 4161 vocem
909 4102 1126 4182 praeferetur,
1147 4114 1257 4164 retento

114 4210 200 4255 vm
219 4188 409 4265 intermedio,
431 4192 477 4250 cui
494 4186 686 4249 Marklandus
700 4188 764 4249 sine
779 4206 881 4247 caussa
896 4204 986 4245 uncos
1003 4188 1133 4265 impegit.
1156 4188 1258 4250 Verba

114 4288 182 4341 nat
210 4272 358 4351 Calliopes
387 4274 538 4337 Lucanum
566 4274 756 4349 alloquentis:
786 4270 893 4331 Noster
918 4270 1056 4347 Orpheus
1084 4275 1258 4350 praeferetur

112 4361 260 4443 ”uada
276 4358 422 4441 dmm,
451 4380 527 4441 qnae
544 4362 654 4439 popolo
673 4362 786 4437 ingrata
806 4366 874 4421 snat
892 4354 924 4420 ln
944 4377 971 4419 e.
992 4358 1152 4436 displicent.

1235 4480 1299 4592 Ι
