2670 5294
51 656 55 661 ·
95 630 149 709 4⁰
452 655 502 705 on
529 655 567 704 s.
593 652 719 705 vsaro
747 652 892 704 roera.

98 823 194 925 quin
227 818 318 898 odio
344 815 503 893 haberet
534 811 696 917 ejruspm
719 812 970 915 patrocinium
993 818 1235 892 arctaretur.

97 942 227 1035 Idem,
263 937 333 1038 qui
358 942 441 1012 erat
465 931 549 1035 ejus
581 936 731 1011 animus
754 936 904 1035 priscae
926 932 1180 1034 simplicitatis
1201 958 1236 1009 ac
1263 986 1266 1041 l

100 1057 311 1139 severitatis
335 1057 548 1149 studiosus,
588 1080 668 1130 non
699 1054 821 1154 magis
850 1053 1082 1147 Maecenati,
1118 1053 1235 1128 solidis

100 1175 365 1257 obambulanti
388 1173 546 1268 amicis,
574 1181 724 1273 poterat
748 1171 891 1248 favere.
944 1169 1156 1273 Cujudibet
1177 1172 1236 1273 igi·

102 1306 165 1373 tur
189 1295 285 1373 alius
308 1293 473 1367 Romani
497 1293 666 1391 potentis
691 1292 850 1394 gratiam
875 1291 1086 1367 scribendis
1113 1291 1237 1371 carmi·

102 1417 217 1492 nibus
242 1418 427 1512 expetere
452 1411 617 1504 studuit,
650 1435 765 1510 quam
783 1408 1016 1485 Maecenatis
1041 1418 1110 1486 aut
1134 1409 1237 1485 Oeta·

102 1534 226 1617 pionis
258 1532 299 1605 id
327 1529 435 1628 quod
460 1529 576 1603 etiam
593 1530 758 1628 primae,
786 1554 880 1629 quas
906 1531 1075 1641 scripsit,
1102 1528 1239 1605 Satires

103 1651 302 1756 perspicuo
326 1673 398 1723 nos
425 1648 574 1723 docent.
633 1648 782 1725 Accidit
812 1674 907 1727 voro
931 1658 1068 1724 cenna
1093 1673 1140 1725 ac
1162 1672 1240 1749 spa-

102 1776 256 1849 ravcrat
276 1776 315 1842 ct
339 1767 503 1844 fortasse
529 1775 743 1865 optaverat,
768 1776 813 1842 ut
827 1766 1059 1844 Maecenatis
1080 1769 1242 1845 maxime

103 1888 315 1994 patrocinio
341 1894 382 1961 et
405 1866 628 1961 liberalitate
661 1911 714 1962 ex
739 1887 908 1987 tenebris
932 1888 972 1961 in
996 1888 1128 1962 lucem
1149 1887 1242 1965 velut

104 2032 277 2089 emersus
301 2031 398 2085 mox
413 2003 581 2082 beatiore
599 2006 789 2083 imeretur
803 2007 906 2084 vitae
921 2030 1130 2106 rerumque
1144 2014 1241 2083 stata

627 2205 658 2286 1.
692 2196 731 2270 8.

208 2350 295 2426 lam
336 2349 370 2425 si
402 2349 613 2447 (picenus,
656 2375 733 2449 quo
766 2351 808 2425 in
849 2349 1014 2425 carmine
1051 2301 1243 2426 scribendo

106 2467 307 2563 Horatius,
340 2467 407 2566 qui
432 2491 473 2542 sa
499 2469 605 2567 poesi
630 2477 764 2545 natum
788 2471 967 2564 sentiret,
1000 2470 1171 2569 primum
1193 2468 1244 2546 si·

105 2588 208 2664 rium
233 2610 388 2661 surarum
411 2588 624 2687 pericrdum
644 2586 778 2663 fecerit
799 2597 914 2687 atque
931 2589 1112 2680 ediderit3
1138 2611 1244 2665 nemo

106 2704 240 2801 facile,
275 2708 412 2802 credo,
456 2707 644 2782 dubitabit
677 2711 858 2784 accedere
892 2708 1071 2783 Massono
1107 2708 1151 2782 in
1173 2706 1245 2783 ut

6 2868 10 2873 -
106 2826 239 2902 Horat.
264 2851 303 2924 p.
321 2826 386 2901 69.
411 2851 490 2901 ιιοιι
515 2834 659 2901 temero
685 2828 910 2926 suspicanti,
945 2825 1111 2902 Satiram
1135 2824 1246 2927 septi·

1 3000 9 3011 .
106 2969 216 3019 mom
246 2942 359 3018 Libri
387 2944 419 3019 1.
454 2945 646 3039 omniunn,
690 2970 789 3044 quac
823 2971 1005 3045 umquam
1039 2945 1245 3021 Venusinus

108 3061 175 3137 illo
207 3061 422 3158 scripserit,
459 3064 668 3138 carminum
699 3065 866 3163 primum
891 3088 987 3140 essa.
1045 3064 1147 3141 Huic
1172 3090 1246 3140 ‹ar-

108 3177 227 3273 mini,
261 3179 367 3274 quod
402 3180 555 3255 videtur
588 3181 743 3258 incinite
776 3209 875 3259 anno
900 3184 946 3258 U.
968 3183 1120 3260 c.·714.
1146 3183 1246 3261 evul-

58 3332 62 3341 ·
108 3303 237 3398 gatum
279 3318 385 3393 esse,
427 3294 645 3399 subjecerat
684 3328 769 3377 rem
809 3304 1036 3401 (presidem,
1075 3328 1175 3403 quae
1210 3303 1246 3377 in

110 3413 240 3489 castris
272 3415 384 3490 Bruti
415 3415 545 3492 Asiam
578 3421 812 3518 provinciam
845 3447 916 3521 pro
952 3422 1115 3498 Consule
1147 3447 1182 3497 ιι.
1205 3421 1245 3496 [Ι.

111 3530 154 3606 C.
170 3533 260 3609 711.
285 3536 446 3611 tenentis
471 3526 697 3633 acciderat,
712 3540 841 3616 levem
865 3541 1043 3639 quidem,
1069 3550 1111 3615 at
1133 3538 1247 3641 porri·

111 3650 276 3726 diculam
309 3652 484 3792 proiecto
525 3664 566 3730 et
596 3657 850 3752 idoneam,
836 3686 878 3733 ιιι
917 3684 993 3758 qua
1031 3658 1248 3760 exponenda

110 3778 222 3869 poeta
255 3767 426 3872 juvenis,
458 3772 661 3848 Lucilium
695 3778 969 3871 aemrdatrmrs,
1004 3778 1172 3877 primum
1193 3777 1250 3852 in-

110 3889 212 3991 genii
253 3891 313 3964 sui
353 3892 549 4029 specimen
591 3894 763 3991 daret³²).
829 3896 935 3972 Rauso
977 3893 1142 3971 Satis-am
1173 3896 1250 3971 sinc

111 4008 229 4086 dubio
253 4010 451 4105 Horatium,
477 4010 697 4110 priusquam
716 4010 890 4113 ptdrlici
876 4014 969 4113 puris
987 4012 1142 4110 faceret,
1166 4013 1253 4089 Vir·

112 4128 204 4227 gilio
230 4130 381 4205 tradidit
400 4129 613 4232 legendam.
672 4131 712 4207 Is
738 4130 897 4207 cumL.
918 4131 1058 4230 Vario,
1084 4158 1155 4210 sno
1178 4128 1253 4235 jan

198 4336 254 4406 32)
275 4279 428 4396 Horatium
460 4337 491 4395 in
471 4334 615 4396 niirlss
605 4357 670 4413 inps
651 4337 833 4407 ιιιιιιι1ιιι,ιιι
864 4338 1041 4416 argumentis
1061 4336 1253 4401 samartica-

113 4410 191 4474 tibns
226 4427 257 4477 st
292 4420 330 4478 sd
373 4441 425 4497 per
411 4421 603 4482 rrimnsuaded
574 4443 766 4483 risusaccom
739 4423 860 4483 modalis
900 4424 1108 4484 demonstravit
1143 4421 1251 4485 Thac

113 4494 279 4560 Schmidius
308 4502 345 4562 sd
374 4503 459 4566 Lib
474 4503 500 4565 l.
527 4504 622 4583 Epi.st
643 4514 694 4570 11.
726 4529 755 4569 ι.
774 4514 804 4570 7.
821 4529 908 4587 sqq„
940 4520 1050 4569 utnon
1077 4508 1254 4570 dubiumsit

113 4584 183 4659 quin
165 4584 368 4647 aridiculae
357 4590 442 4650 istius
463 4591 567 4664 rixae,
590 4615 735 4670 ιιιιιιιι
697 4591 780 4654 Libr.
801 4591 827 4654 l.
850 4590 914 4653 Sat.
934 4602 965 4657 7.
987 4593 1143 4674 describit,
1174 4596 1254 4657 testis

112 4663 261 4729 iruerit’
222 4691 261 4730 av
243 4664 321 4732 υτόπ
323 4692 385 4747 της.
436 4670 471 4731 ln
499 4676 600 4736 eadem
625 4700 677 4742 sau
659 4681 766 4740 utentia
792 4689 838 4740 est
864 4675 931 4742 Gar.
961 4676 1148 4743 l’aasovius
1137 4701 1169 4743 ιιι
1192 4676 1254 4743 rc.

111 4753 226 4817 Horra.
249 4769 279 4832 p.
295 4753 437 4819 xxxii.
459 4756 527 4820 Not
546 4767 596 4822 92.
