2670 5294
438 277 487 324 ua
515 275 550 323 ι.
571 277 696 327 sumo
725 280 869 328 rosas.
1177 262 1228 333 st

67 438 292 513 habuerunt
316 462 419 537 quae
452 439 502 515 de
537 440 814 517 oosssuatudiue
839 441 986 544 Virgilii
1009 467 1099 519 essm
1123 443 1226 520 Varii

67 582 201 633 uxore
242 558 400 631 tradidit
442 556 616 635 Serum
693 558 792 633 Nam
833 562 955 637 relata
995 564 1070 637 ista
1111 560 1225 657 lama

67 674 239 777 „Atque
271 676 400 768 lsoe,“
445 676 596 776 inquit,
637 680 814 769 „occulte
856 680 906 754 ab
940 679 1028 781 a‘yseo
1063 682 1107 759 V
1099 681 1229 778 &gilio

69 796 116 873 iu
148 793 345 870 secutos
368 794 437 869 etto
460 821 579 871 verso
604 796 703 893 (Eol.
722 796 794 872 ΙΠ.
828 824 867 876 v.
892 802 975 896 20.)
1010 799 1233 899 significari

68 914 225 989 dicaret.
275 916 354 989 Sed
377 912 459 989 sive
482 915 729 1010 tragoediam
743 920 864 991 Maro
888 918 1119 1017 omnpoeuit,
1145 918 1229 994 eive

68 1060 178 1124 nors,
214 1032 390 1107 ‹sli'enom
421 1033 527 1108 leone
560 1060 589 1108 ss
618 1034 782 1129 Virgilii
801 1036 1032 1113 castissimis
1054 1036 1228 1112 moribus

70 1152 352 1229 minutiones
378 1165 504 1253 poto,
539 1164 577 1227 et
605 1154 649 1233 V
643 1152 775 1228 sermm
793 1154 973 1254 potuisse
997 1181 1070 1231 eoo
1093 1161 1228 1233 Mane

66 1272 261 1371 fabulam
293 1296 545 1371 componere,
578 1271 745 1347 Horatii
776 1285 815 1348 et
850 1274 985 1349 Ovidii
1005 1275 1227 1350 testimonio

71 1398 235 1493 patet.“
293 1392 400 1484 Quae
434 1391 564 1466 omnia
597 1392 754 1490 repetiit
788 1415 834 1468 ao
867 1416 1002 1469 secure
1028 1395 1228 1493 descripsit

70 1510 140 1587 Fr.
165 1510 285 1585 llenr.
310 1510 470 1587 Botlsius
504 1511 547 1585 in
580 1510 690 1586 Poet.
725 1509 876 1586 Seenio.
909 1510 1040 1585 Latin.
1072 1512 1160 1587 Vol.
1183 1513 1227 1587 V.

71 1630 119 1705 Ρ.
136 1630 171 1704 l.
195 1658 236 1729 p.
252 1628 364 1706 260.l
399 1629 540 1705 Contra
563 1630 612 1703 A.
632 1628 681 1705 G.
700 1627 871 1731 Longius
904 1631 947 1704 iu
973 1631 1083 1705 Vind.
1112 1632 1228 1732 Trag-

72 1748 187 1825 Rom·
214 1776 253 1848 p.
274 1751 334 1824 ll.
367 1757 500 1852 negat,
543 1749 743 1849 virgilium
777 1773 963 1847 umquam
987 1751 1124 1849 poesin
1148 1758 1228 1825 tra·

72 1869 202 1971 gieam
218 1869 408 1969 attigisse,
435 1876 474 1942 et
492 1892 593 1967 quae
612 1865 857 1944 Grammatiei
872 1870 922 1943 de
938 1870 1041 1944 Varii
1057 1872 1228 1967 Thyeste

72 2012 148 2087 per
188 2012 356 2062 uxorem
390 2011 414 2060 a
448 1986 611 2089 Virgilio
651 1995 808 2085 accepta
849 1990 1123 2086 prodiderunt,
1173 1991 1228 2064 sic

74 2116 378 2201 commemorat,
410 2114 455 2180 ut
484 2106 613 2205 ipssun
636 2106 774 2180 harum
798 2108 951 2181 taedeat
984 2109 1227 2207 ineptiarum.

178 2224 373 2323 Equidem
396 2234 442 2300 ut
467 2228 697 2319 sanaem,
731 2224 855 2299 nullas
880 2250 1067 2323 tunquam
1092 2252 1115 2301 a
1139 2226 1228 2301 Vir-

73 2345 169 2447 gilio
202 2346 246 2419 iu
279 2346 407 2420 luoem
439 2346 563 2421 editas
595 2367 681 2419 esse
707 2343 940 2443 tragoedias,
979 2352 1110 2419 tauron
1134 2345 1230 2419 nihil

74 2464 245 2538 arbitror
276 2466 452 2559 obstare,
496 2488 574 2562 quo
608 2464 737 2537 minus
770 2462 846 2536 hoo
881 2463 1008 2561 poesis
1034 2486 1156 2564 genus
1180 2466 1228 2537 ab

75 2584 146 2657 illo
170 2583 291 2657 assimi
316 2608 448 2659 oossssa
472 2589 680 2677 tentatum,
723 2589 840 2677 atquo
864 2580 969 2667 intes·
993 2582 1067 2656 alia
1092 2606 1230 2680 perva-

75 2701 316 2803 gatissimum
356 2703 454 2777 illud
494 2702 727 2803 tragioomms
760 2702 809 2774 de
846 2701 989 2775 mensis
1025 2703 1229 2799 Thyesteis

75 2830 347 2923 argumentum
371 2823 472 2921 peda
495 2830 557 2895 ter
574 2844 758 2920 percusso
784 2820 970 2917 seriptum
996 2845 1081 2897 esse
1107 2823 1230 2919 euspi-

76 2965 225 3017 oemur.
285 2940 381 3015 Nam
414 2940 598 3015 Martialis
623 2938 731 3013 aibr.
753 2936 852 3013 Vlll.
878 2938 952 3038 Ep.
972 2941 1033 3015 18.
1057 2966 1097 3018 v.
1114 2944 1153 3014 7.
1170 2966 1230 3038 sq.

76 3204 132 3245 sses
152 3182 311 3243 lilseremsa
335 3190 428 3241 eoetas
453 3191 483 3242 et
504 3179 635 3257 patribus
663 3180 808 3257 appositas
827 3189 1008 3255 versaretur,
1039 3178 1136 3257 lepide
1157 3180 1231 3241 dixit

77 3264 202 3329 Persius
219 3264 311 3327 alloes
331 3264 456 3327 Promea
474 3278 503 3327 et
525 3264 674 3345 Thyestae
690 3266 873 3347 ferventem.
919 3263 1049 3341 Utraque
1073 3278 1167 3325 autem
1189 3268 1232 3325 sa·

77 3354 168 3431 leals,
201 3356 336 3429 quoniam
367 3352 533 3429 placuerat,
570 3353 688 3428 saepius
714 3351 815 3426 reponi
844 3360 874 3409 et
896 3344 1158 3409 ἀναδιδάσκεσθαι
1180 3350 1232 3411 de·

77 3440 158 3501 hit:
186 3458 274 3515 saepe
294 3440 384 3517 igitur
403 3436 523 3515 agendo
550 3437 605 3497 tuit
626 3434 754 3514 Glyconi
775 3434 934 3513 tragoedo,
964 3456 1017 3510 pro
1038 3456 1095 3511 que
1116 3434 1232 3509 pulchre

77 3522 235 3587 menda
266 3522 385 3585 Persius
414 3524 506 3597 dixit,
543 3522 621 3600 qood
641 3523 790 3598 praeclare
812 3523 948 3581 consertit
973 3519 1144 3581 Paseovioa:
1183 3524 1233 3603 ost

77 3606 323 3673 &dotatam
341 3608 409 3669 dens
428 3607 569 3669 uidemus
580 3608 703 3687 Glycon.
736 3604 890 3667 Caeterum
906 3605 976 3665 milri
987 3606 1169 3664 modalium
1178 3620 1232 3679 est,

78 3694 223 3767 sl'ersio,
245 3705 279 3755 ut
299 3695 387 3769 alibi,
408 3698 449 3755 ita
469 3694 518 3755 liic
534 3714 648 3770 qooqsse
666 3704 741 3754 tecte
756 3695 835 3767 carpi
853 3690 996 3751 Neronem
1017 3688 1232 3767 lmperatorem,

76 3802 98 3845 a
119 3802 181 3859 qao
202 3792 354 3857 praedato
374 3800 463 3857 saepe
486 3777 644 3859 Thyestem
664 3790 757 3839 aetum
779 3797 844 3837 esse
866 3778 949 3837 docet
969 3777 1052 3836 loeas
1072 3774 1230 3853 Juvssalis,

78 3880 163 3931 stne
185 3867 254 3928 bilis
274 3867 478 3944 plenissimas,
504 3861 694 3927 Setis-‚Vlll
717 3885 745 3924 s.
769 3870 861 3923 228.=

203 3950 365 4033 Majorsss
382 3950 503 4036 effigies
522 3948 649 4011 leuem
667 3951 799 4025 insignio
816 3950 914 4007 oocier

204 4039 291 4100 Asta
305 4036 399 4115 pedes
418 4038 538 4097 Domiti
557 4037 729 4113 langueatis
744 4056 825 4111 pone
848 4030 996 4113 Thyestae

204 4124 319 4205 Syma
337 4124 386 4185 oei
404 4123 575 4201 Antigenes
593 4145 646 4185 sess
660 4142 822 4201 personum
842 4118 1050 4197 Menalippes.

76 4210 172 4293 Quse
200 4222 231 4272 el
256 4212 320 4287 ipsa
348 4209 519 4271 documento
545 4220 629 4285 sant,
667 4219 803 4285 quantum
833 4204 944 4267 Romae
966 4209 995 4267 iu
1016 4206 1126 4269 deliciis
1146 4205 1234 4265 luerit

74 4300 225 4377 ωςὶαιω
245 4294 320 4357 illad
341 4307 556 4375 argumentum,
578 4292 673 4370 qood,
691 4305 723 4353 ut
742 4292 858 4353 Horatii
878 4292 964 4357 Libr.
980 4291 1005 4354 Ι.
1027 4292 1089 4356 Od.
1106 4297 1136 4353 6.
1157 4310 1185 4349 v.
1202 4298 1232 4349 8.

73 4385 182 4447 verbis
201 4394 286 4461 stsr,
308 4402 399 4445 assae
417 4382 539 4461 Pelopis
558 4379 662 4445 dossas
681 4376 847 4459 premebat·
