2670 5294
509 285 716 341 excursos
743 289 772 338 1.
1144 265 1220 340 317

60 443 420 547 Fidumeergange
451 451 522 525 der
555 448 675 526 Loier
704 476 775 525 om
808 448 872 527 ll.
907 451 1003 525 oder
1036 454 1098 527 12.
1127 451 1218 528 Au·

56 580 154 663 gest
178 565 237 641 dio
261 594 354 643 zum
376 567 709 665 Friihuutergoug
742 571 812 644 der
835 571 1021 663 Pleiadeu
1044 597 1116 645 usn
1144 572 1220 646 don

63 688 130 761 ll.
145 687 387 763 Novembres
409 714 532 784 gogen
555 689 725 763 uelem
752 689 928 786 Aofoug
951 694 1020 763 dos
1044 691 1218 770 llirrtere

60 806 170 879 nocie
203 807 275 878 dor
295 806 586 903 Herougleiche
611 809 681 880 der
711 809 751 882 Τ
756 832 783 878 α
790 833 819 900 g
843 807 925 881 rich
951 806 1097 883 diirzt
1129 812 1218 883 ποιά

61 922 127 998 dio
150 923 271 998 Hitzo
286 926 356 999 doe
372 929 610 999 Sommere
627 926 721 998 oder
738 926 808 998 der
824 927 994 1001 selenen
1005 928 1214 1020 inermis,

61 1053 261 1137 nestor,
296 1041 482 1117 mittier
512 1042 655 1117 wedr‘
723 1042 789 1119 sio
831 1047 933 1143 opud
966 1047 1215 1147 Calpurnium

62 1159 195 1263 Eolog.
222 1160 253 1234 I.
278 1186 318 1237 r.
352 1164 408 1236 1.ε

95 1282 306 1365 Nondum
329 1278 433 1355 Solis
456 1306 575 1382 oqotoo
598 1279 758 1355 decimis
782 1279 940 1377 mitigat
966 1298 1110 1376 (certus,

120 1398 312 1495 Quamvis
337 1411 376 1473 ot
398 1400 573 1475 munditiis
595 1400 826 1476 incumbant
851 1404 993 1499 praela
1022 1402 1189 1476 racemis

115 1518 171 1591 Er
195 1530 375 1617 spument
397 1544 522 1594 rouoo
535 1518 748 1618 ferventia
778 1532 913 1592 murto
937 1545 1123 1593 mrsu-reo.-

62 1636 132 1710 ubi
150 1635 310 1710 decimis
326 1648 457 1711 nedae
471 1645 530 1711 ost
544 1638 687 1739 Virgilii
703 1636 860 1711 mollior
876 1650 1020 1730 oretur,
1048 1641 1213 1734 quaudo,

60 1764 105 1829 ut
130 1754 311 1829 Lucanus
345 1753 455 1830 Libr.
472 1757 524 1831 X.
551 1758 640 1832 236.
667 1757 737 1851 ait,
771 1755 815 1829 in
849 1769 1108 1830 ‹rectumne-m
1145 1760 1214 1831 de-

59 1872 188 1948 clinat
238 1873 440 1964 Phoebeo,⁰
496 1900 540 1951 oe
581 1874 779 1977 significari
822 1877 923 1974 apud
967 1875 1216 1972 Calpurnium

59 2015 239 2067 mensem
273 1990 565 2090 Septembrem,
607 1993 753 2069 erudite
787 1995 963 2092 probavit
988 1993 1147 2091 Suqrius
1174 1997 1214 2069 in

61 2112 218 2205 Quaest.
243 2111 431 2211 Philolog.
459 2112 656 2208 (Rostooh.
685 2113 817 2208 1819.)
844 2138 882 2210 p.
906 2117 968 2186 27.
1004 2136 1056 2185 ex
1085 2115 1213 2187 verbis

61 2230 215 2329 Ulpiani
239 2210 347 2331 Digg.
363 2227 506 2304 XLlll.
527 2231 584 2304 tit.
603 2235 667 2305 20.
694 2230 829 2331 flegun.
852 2235 887 2303 1.
914 2240 944 2319 §.
963 2233 1025 2303 32.
1052 2244 1211 2323 ,mosiu-

60 2360 146 2423 tem
178 2345 369 2447 incipere,
396 2346 455 2422 sio
473 2347 679 2447 peritiores
709 2332 982 2438 tradiderunt,
1010 2349 1059 2420 od
1077 2348 1212 2448 oequi-

59 2464 196 2541 nootio
212 2490 347 2558 uerno,
374 2479 412 2539 et
425 2466 558 2565 finiri
574 2467 817 2568 ‹toquiuootio
836 2466 1104 2540 uutrmuudi.“
1142 2467 1211 2539 His

61 2584 269 2683 expositis,
295 2608 433 2679 nemo,
457 2586 617 2683 opinor,
643 2586 804 2684 mnplius
831 2585 1020 2658 dubitabit
1046 2586 1140 2682 quin
1163 2610 1214 2659 ex

61 2704 325 2779 Romanorum
357 2704 505 2778 ratione
539 2730 619 2780 nox
654 2707 691 2779 d.
714 2706 777 2779 23.
799 2702 1035 2801 Septembris
1061 2713 1213 2779 antece-

62 2824 160 2897 dens
196 2824 397 2897 eommode
436 2822 511 2897 diei
550 2824 721 2923 potuerit
760 2822 923 2897 aestive.
1001 2822 1097 2896 Eam
1132 2824 1214 2897 vult

61 2940 185 3015 Poeta
210 2966 299 3016 eum
323 2941 523 3039 Torquato
549 2966 724 3016 sermone
755 2941 919 3036 dorriguo
945 2944 1099 3015 tendere
1124 2942 1162 3014 h.
1180 2966 1215 3016 e.

62 3082 242 3135 sermone
275 3060 398 3133 multo
431 3067 471 3133 et
501 3061 654 3157 prolixo
679 3059 906 3160 transigere:
940 3086 1031 3135 nem
1057 3064 1213 3134 tondere

63 3178 106 3253 h.
122 3178 151 3251 1.
175 3202 257 3251 non
281 3185 342 3252 est
367 3181 598 3270 extendere,
624 3180 854 3277 producere,
881 3186 921 3250 ut
938 3204 1024 3253 eum
1039 3177 1211 3279 Beudejo

64 3296 183 3371 etiem
215 3294 423 3371 Sentenius
455 3299 504 3371 ud
539 3297 757 3370 Terentian.
789 3296 842 3367 M.
876 3322 915 3393 p.
940 3298 1023 3368 142.
1059 3298 1210 3393 accipit,

64 3414 136 3489 sed
152 3436 283 3514 ogere,
310 3415 487 3514 exigere,
511 3438 748 3489 consumere.
801 3412 866 3489 Sie
890 3416 1009 3485 τείνειν
1021 3418 1098 3502 βίον
1119 3419 1215 3488 ἐλπί-

65 3558 139 3611 σιν,
166 3556 311 3605 oenum
326 3558 454 3627 egere,
480 3558 539 3633 op.
559 3533 942 3628 Aesolryl.Prometh.
970 3532 1209 3630 v.548.i1›iq.

66 3674 104 3725 v.
131 3648 344 3725 Blomfieldi
370 3650 537 3726 Glossar.
563 3678 601 3750 p.
623 3654 709 3727 129.
736 3660 775 3725 et
798 3652 968 3746 Heynius
994 3653 1042 3724 ad
1068 3651 1211 3750 Virgilii

65 3766 164 3841 Aen.
189 3764 299 3842 Libr.
315 3768 383 3842 VI.
409 3794 448 3843 v.
465 3772 556 3845 807.
606 3771 699 3844 Dies
714 3769 886 3844 Caesaris
901 3769 1057 3871 Augusti
1077 3771 1213 3843 natulis

64 3880 257 3984 justitium
291 3888 413 3961 attulit
447 3896 485 3961 et
519 3888 718 3987 Torquato
749 3889 897 3964 Moschi
929 3914 1098 3963 oeussom
1125 3914 1213 3964 eum

63 4004 238 4079 maximo
273 4006 399 4105 egenti
424 4014 648 4104 potestatem
682 4009 805 4101 dedit,
855 4008 1090 4082 familiariter
1125 4034 1212 4084 oum

63 4124 225 4199 Horatio
260 4125 537 4199 sennooinandi
577 4150 648 4224 per
688 4135 841 4201 noctem
881 4128 1060 4203 aestivam
1102 4137 1142 4202 et
1174 4129 1213 4199 in

62 4244 227 4319 multam
261 4244 387 4317 lnoem
420 4244 646 4318 dormiendi.
707 4243 893 4320 solebant
924 4245 1027 4318 enim
1051 4244 1212 4319 Romani

61 4362 230 4465 negotiis
271 4362 445 4462 occupati
489 4386 667 4438 somnum
707 4370 939 4439 nootrnnum
980 4362 1088 4436 finire
1135 4360 1215 4433 sole
