2670 5294
150 671 225 751 112
507 698 558 749 ns
585 652 770 771 usvssup
796 697 942 751 νοω.

149 862 343 940 dationem
368 860 524 937 latram
547 887 620 963 pre
644 862 750 963 vulg.
775 862 972 955 lustrum,
1006 864 1114 965 quod
1138 888 1290 967 nmgno·

147 1007 241 1083 pere
274 977 454 1074 offendit,
495 982 635 1081 partim
668 1006 757 1057 eum
786 1008 853 1061 vv.
886 984 1065 1059 lustrum
1097 991 1139 1059 et
1170 986 1290 1065 lustra

149 1102 330 1204 proxime
362 1100 659 1201 praecesserint,
700 1101 842 1201 partim
877 1127 966 1179 eum
989 1126 1130 1177 mnum
1154 1104 1291 1181 venui-

151 1246 282 1299 enrum
310 1220 379 1315 sit,
407 1219 604 1319 deprensis
622 1218 814 1316 serarum,
840 1246 935 1321 ques
951 1222 1159 1324 indagant,
1186 1224 1291 1302 vesli-

151 1343 222 1445 giis
253 1342 410 1417 latrans
444 1339 641 1431 emittere,
683 1346 729 1413 ut
763 1340 876 1415 docet
911 1342 1018 1417 loeus
1049 1340 1169 1417 Ennii
1201 1342 1291 1443 spud

153 1459 317 1535 Varrou.
352 1460 401 1533 de
433 1456 482 1532 L.
507 1457 555 1533 L.
578 1458 642 1535 VI.
669 1459 718 1533 Τ.
734 1456 787 1533 Π.
811 1486 852 1559 p.
870 1462 958 1535 242.
982 1461 1070 1559 Bip.
1105 1470 1147 1536 et
1181 1458 1290 1537 Gradi

151 1578 288 1656 Falisci
305 1576 448 1679 Cyneg.
474 1605 514 1655 v.
537 1580 624 1655 186.
672 1576 808 1678 Neque
834 1581 1055 1657 adversatum
1080 1580 1179 1657 elius
1198 1578 1289 1683 ejus·

153 1701 245 1774 dem
267 1706 403 1799 poetae
427 1698 537 1773 loeus
563 1699 707 1801 Cyneg.
733 1724 773 1776 v.
796 1699 888 1775 23⁰.

205 1820 283 1893 Sed
305 1843 356 1891 ne
380 1844 461 1919 pua
485 1844 537 1892 ex
561 1816 684 1893 nimie
707 1820 847 1893 redeat
863 1820 1027 1916 jactura
1040 1821 1213 1920 favere,

207 1938 297 2013 Lex
322 1936 428 2013 dae'etu
454 1936 626 2043 (firmis,
651 1964 702 2013 ue
725 1963 818 2013 voce
843 1940 1045 2013 lacesseret
1070 1940 1234 2031 herten,

205 2058 315 2135 Neve
328 2059 451 2133 levem
461 2060 684 2159 praedem,
709 2070 783 2133 ard
793 2056 998 2159 propioris
1009 2057 1189 2159 pignora
1206 2054 1291 2133 lueri

206 2174 451 2278 Amplerrss,
472 2176 625 2277 prtinus
641 2175 904 2279 mpurdpuum
927 2174 1159 2281 effimderet
1173 2168 1306 2266 (τοίω

155 2296 273 2372 modo
305 2300 410 2369 reete
445 2320 535 2371 eum
571 2298 716 2398 sepias:
751 2297 831 2373 vid.
864 2296 994 2399 Inlpp.
1026 2296 1071 2371 in
1092 2294 1290 2373 Burmanni

155 2416 260 2491 Poet.
277 2411 364 2487 Lat.
379 2412 475 2489 Min.
492 2415 607 2491 Tom.
623 2415 656 2490 Ι.
681 2442 722 2515 p.
742 2418 831 2493 166.
881 2417 965 2511 Quo
989 2416 1033 2490 in
1056 2416 1148 2491 loeo
1167 2412 1291 2515 siquid

157 2535 402 2627 mutandum,
427 2535 559 2609 malim
572 2535 723 2634 furere
745 2560 817 2634 pro
830 2535 997 2634 favore.
1047 2535 1294 2633 Deniquere·

158 2662 268 2754 eepta
300 2653 344 2727 in
375 2653 464 2728 loeo
498 2652 607 2728 Varii
650 2656 916 2731 emendatione
952 2653 1119 2729 Ulitiana
1153 2654 1296 2727 Ιαέναπε

158 2773 374 2849 defenditur
407 2773 508 2875 vulg.
542 2774 704 2849 aethera
730 2800 808 2874 per
839 2773 1030 2849 nitidum:
1072 2772 1173 2847 haee
1205 2770 1297 2847 enim

159 2901 287 2993 aperte
320 2892 530 2991 copulanda
563 2901 652 2991 sunt
683 2918 772 2969 eum
805 2918 842 2969 v.
876 2894 1051 2984 latreus,
1092 2891 1151 2965 its
1174 2898 1220 2965 ut
1241 2912 1297 2965 vr.

159 3010 306 3088 circum
329 3010 494 3107 vestrkiu
518 3013 736 3113 pertineant
761 3011 810 3086 ad
834 3038 900 3087 vv.
918 3022 1084 3086 sectetur
1103 3006 1296 3103 eduresu).

162 3128 256 3205 Sine
281 3129 420 3203 idonee
453 3154 584 3205 caussa
611 3132 744 3205 Ulitius
769 3132 905 3206 maluit
929 3155 1030 3207 vers.
1048 3129 1086 3204 4.
1114 3130 1216 3203 aii-u
1237 3150 1296 3227 pm

163 3238 339 3322 aethera.
390 3244 486 3321 Nam
511 3273 645 3343 canes,
679 3277 799 3350 quum
822 3252 992 3327 ferarum
1015 3249 1174 3351 vestigia
1198 3268 1297 3345 super

162 3366 324 3445 humum
339 3366 531 3468 indagant,
559 3370 693 3445 sectari
708 3394 753 3445 ee
774 3396 850 3469 per
873 3370 1038 3444 uetleem
1056 3392 1182 3465 aespre
1203 3390 1297 3441 eern-

164 3487 281 3561 mode
313 3486 389 3560 dici
422 3496 578 3585 possunt
603 3514 648 3564 ee
666 3515 742 3588 per
767 3493 880 3563 adra.
939 3488 1104 3586 Utraque
1127 3510 1212 3563 vox
1234 3482 1299 3557 sel·

162 3603 283 3679 lemni
306 3604 546 3681 librariorum
571 3633 701 3684 errore
725 3616 939 3707 permutata
953 3614 1030 3702 est,
1057 3613 1101 3679 ut
1116 3600 1299 3677 aetlaere'u

164 3731 206 3801 et
230 3722 386 3801 aerim.-
412 3724 552 3801 videsis
578 3726 749 3805 Curtium
772 3729 820 3803 ad
837 3727 984 3803 Luceni
997 3725 1132 3801 Pher-s.
1156 3718 1299 3798 Libnl.

164 3870 203 3923 v.
228 3845 339 3939 391„
382 3845 450 3943 qui
484 3852 611 3921 tamen
635 3847 801 3941 fallitur,
843 3846 1008 3920 uellem
1032 3851 1073 3919 et
1099 3844 1202 3919 uiis-a
1224 3864 1301 3941 pm-

165 3964 311 4042 miseue
329 3964 430 4063 apud
454 3973 588 4062 poetas
614 3965 688 4040 dici
705 3967 941 4041 contendens
965 3965 1015 4039 sd
1031 3961 1183 4037 Luceni
1195 3960 1302 4035 Pluu-

167 4085 237 4160 sel.
257 4082 365 4158 Libr.
380 4081 413 4156 Ι.
438 4080 581 4158 v.152.
608 4091 648 4159 et
672 4083 743 4157 ΠΙ.
769 4110 806 4161 v.
826 4086 915 4181 434.
967 4082 1157 4158 Subtilius
1184 4076 1304 4155 ‹liseri-

166 4228 261 4279 men
283 4203 481 4301 utriusque
504 4203 682 4279 vocabuli
707 4203 891 4279 declarari
914 4208 1041 4301 potest
1065 4201 1153 4277 loeo
1170 4192 1306 4300 Virgilii

168 4318 268 4394 Aen.
292 4321 400 4397 Libr.
416 4322 465 4396 V.
490 4346 525 4399 v.
540 4319 649 4416 517„
675 4322 742 4396 uhi
768 4323 964 4415 columba,
990 4346 1108 4419 (prum
1131 4320 1306 4419 plauden-

169 4443 252 4510 tem
274 4439 383 4539 nigre
407 4442 478 4515 sub
503 4443 607 4517 nube
631 4441 717 4516 lixit
741 4440 943 4538 Esnytiom

259 4642 316 4719 81)
346 4642 505 4723 Utramque
535 4650 739 4710 correctionem
768 4650 798 4708 in
827 4644 915 4706 Varii
949 4646 1124 4721 fragments
1142 4664 1237 4721 nuper
1264 4658 1309 4702 m

171 4725 522 4895 xllZgYieNeopdrmuvil
556 4732 752 4814 Kreyssigius
786 4732 824 4794 nd
859 4730 897 4793 N.
930 4728 1090 4807 Cismpiuii
1125 4728 1251 4791 Praesti.
1287 4744 1310 4785 e·
