2670 5294
499 291 704 343 excussus
733 294 761 342 1.
1136 271 1209 344 137

58 457 109 531 ad
134 478 177 531 v.
194 458 234 531 7.
259 453 473 553 appellatur
490 454 701 555 Pompeius
720 454 937 556 Grosphus,
963 464 1001 531 ct
1015 452 1096 533 Jac.
1113 457 1211 533 Cru-

58 575 172 675 quius
196 572 296 649 haue
321 571 448 648 Odam
472 573 685 672 inscripsitz
716 573 817 669 „Aa
839 578 1069 675 Pompeium
1091 576 1211 652 Gros-

53 692 237 793 phum,“
262 694 319 767 uti
351 692 469 768 etiam
491 692 638 768 invenit
662 693 705 767 in
731 693 853 772 Codd.
880 695 1212 797 Venderboaugius

59 812 145 888 101.
154 808 188 885 1.
200 838 240 911 p.
248 813 339 887 422.
363 812 450 889 Jam
468 811 748 913 hicPompejus
763 813 858 912 quin
872 813 976 890 idem
989 815 1211 915 aitPompe·

53 932 123 1027 jus
145 930 355 1031 Grosphus
360 982 376 1022 ,
403 930 471 1029 qui
486 929 589 1006 Iccio
609 934 918 1028 commendatur,
945 932 1122 1008 dubitare
1138 956 1210 1008 nos

58 1056 191 1127 vetant
205 1048 279 1125 0d.
295 1074 330 1126 e.
355 1074 393 1125 v.
410 1049 475 1124 33.
490 1074 596 1147 sqq„
623 1073 673 1124 ex
692 1052 830 1149 ‹pribus
845 1052 1077 1153 colligimus,
1102 1052 1211 1126 illum

58 1192 218 1271 magrias
251 1177 291 1245 et
322 1168 468 1268 amplas
500 1168 542 1241 in
573 1165 703 1243 Sicilia
734 1169 915 1245 habadsse
939 1170 1209 1270 possessiones.

59 1288 122 1361 Ab
140 1286 240 1364 Silio
254 1287 375 1363 Italic.
390 1286 489 1360 Pun.
505 1285 614 1360 Liar.
628 1286 733 1363 XIV.
759 1314 797 1365 v.
814 1292 901 1365 211.
926 1290 1082 1391 fingitur
1100 1288 1211 1390 Agri·

58 1407 307 1509 gentinorum
333 1407 415 1481 dux
433 1403 550 1481 luisse
570 1404 775 1504 Grosptm
800 1408 971 1507 pridem,
997 1409 1107 1503 eujus
1123 1431 1212 1481 eae-

59 1526 148 1599 tutu
179 1525 339 1621 gerebat
369 1526 552 1600 Taurum
575 1550 723 1623 pennu
747 1538 917 1617 tmceru,
947 1552 1104 1626 pomae
1125 1550 1213 1599 mov

59 1644 242 1719 uincente
265 1655 456 1719 vetustae.
506 1643 555 1717 In
571 1643 889 1742 Inscriptiouibus
906 1645 1068 1721 venistis
1091 1645 1213 1721 Grot-

53 1762 136 1863 pta·
166 1788 329 1859 nomen,
362 1762 468 1863 quod
501 1762 638 1857 sciam,
669 1788 749 1839 non
774 1765 961 1839 commite
992 1765 1212 1864 quodcum

60 1884 218 1985 miginis
236 1880 405 1959 Graecae
421 1882 483 1975 sit,
507 1882 661 1956 induxit
675 1884 892 1978 nonnullos,
909 1892 952 1959 ut
968 1885 1077 1959 illmn
1093 1887 1212 1958 Pom·

58 2006 195 2103 mum
213 2002 456 2103 Groaphum,
482 2001 664 2076 libertum
690 1999 866 2103 Pompeji
890 2004 1017 2106 Magni
1041 2011 1081 2079 et
1106 2026 1212 2079 com·

60 2122 298 2215 militonem,
332 2118 404 2195 dut
425 2128 468 2191 vti
497 2120 630 2212 γρόσφθ
665 2120 706 2197 h.
732 2145 767 2195 e.
801 2145 824 2196 a
859 2121 937 2220 pilo
972 2122 1212 2196 nominatum

59 2248 254 2339 putarent.
313 2240 411 2313 Huic
436 2240 646 2315 sententiae
681 2241 847 2314 multum
872 2239 1211 2316 commendationis

60 2360 220 2436 adderet
243 2360 451 2459 Pompeium
474 2358 550 2453 ille,
577 2360 640 2434 cui
665 2357 772 2432 Libr.
789 2358 841 2433 Π.
868 2357 953 2433 0da
969 2364 1007 2434 7.
1033 2358 1214 2455 inscripta

61 2487 141 2575 est,
182 2478 218 2553 si
251 2486 357 2555 certo
391 2485 600 2573 constaret,
643 2478 825 2553 eaundem
865 2476 1041 2578 Gru-sphi
1070 2499 1214 2576 cogno·

61 2600 168 2674 mine
202 2598 347 2674 dictum
379 2620 474 2673 esse.
541 2597 613 2673 Ille
648 2597 753 2672 etaim
776 2597 925 2674 Horatii
957 2598 1000 2671 in
1023 2596 1077 2672 Μ.
1103 2593 1213 2668 Bruti

62 2718 196 2793 castris
221 2716 431 2793 commilito
455 2722 544 2816 post
557 2741 723 2818 pugnam
736 2715 1020 2817 Philippensem
1036 2717 1086 2792 ad
1101 2712 1213 2789 Sext.

62 2832 291 2936 Pompeium
315 2836 357 2910 in
374 2834 545 2911 Siciliam
565 2833 733 2937 trajecit,
759 2837 895 2912 ductus
920 2836 1081 2912 fortasse
1096 2834 1214 2909 Pom·

63 2952 141 3055 peji
172 2954 304 3057 Magni
342 2955 482 3030 studio.
547 2954 656 3029 Hanc
691 2956 919 3031 sententiam
953 2955 1107 3055 copiose
1144 2953 1214 3027 ad·

64 3086 217 3152 struere
249 3082 406 3151 conanus
438 3080 498 3147 cst
532 3071 777 3169 Secedamus,
809 3075 1035 3173 invenitque
1058 3072 1212 3164 multos,

64 3196 129 3295 qui
154 3216 354 3269 assensum
376 3192 626 3291 praeberent,
651 3192 694 3266 in
717 3194 778 3267 his
798 3195 913 3270 etiam
931 3194 973 3267 C.
990 3190 1214 3266 Paasovium

64 3314 100 3387 in
113 3314 162 3411 Q.
172 3310 343 3387 Horatii
351 3310 448 3389 Vita
462 3337 501 3410 p.
509 3311 691 3386 XXXVI.
716 3310 762 3387 N.
782 3312 866 3389 101.
918 3310 1067 3385 Verum
1083 3317 1214 3383 tamen

64 3433 314 3509 adversantur
346 3431 513 3531 primum
544 3431 657 3507 multi
692 3429 814 3521 Godd.
849 3428 959 3522 Msti‚
1000 3426 1042 3500 in
1072 3426 1213 3524 ‹piibus

64 3551 201 3625 titulus
225 3550 383 3651 legitur:
415 3548 490 3624 Aa
513 3551 742 3650 Pompeium
770 3550 813 3627 V
807 3574 926 3623 urum
951 3547 1032 3625 sive
1056 3544 1213 3620 vitiosos

63 3668 136 3745 Ad
160 3666 400 3768 Pompilium
427 3668 472 3746 V
465 3694 595 3743 arum.
647 3664 769 3768 liujus
797 3666 1050 3766 inscriptionis
1073 3662 1215 3741 veritas

63 3786 281 3862 suffidcitur
314 3787 613 3864 Scholiastamm
650 3787 873 3862 auctoritate
913 3785 1073 3861 minim
1107 3778 1215 3880 parvi

62 3906 252 3983 iacienda.
319 3904 417 3981 Nam
452 3906 583 3981 Acron
622 3908 672 3980 ad
703 3906 744 3981 h.
779 3906 809 3979 1.
851 3903 954 3996 „Aa
986 3901 1215 4002 Pompeium

68 4026 112 4103 V
105 4026 250 4117 dmm,
282 4024 428 4125 inqiut,
464 4023 616 4115 metit,
656 4026 837 4121 gaudem
872 4024 920 4099 od
953 4024 1037 4120 eiua
1069 4020 1115 4095 ic
1138 4048 1215 4120 po·

66 4141 191 4217 trium
215 4142 439 4235 reditum;“
472 4149 514 4220 et
539 4141 769 4219 scholiastes
794 4142 931 4242 (ἔτυψε
963 4138 1134 4235 „Scribit
1159 4141 1215 4213 ad

66 4262 302 4363 Pompeium
329 4263 506 4355 Varum,
537 4264 751 4359 mutulam
782 4260 822 4336 ci
840 4260 887 4336 iu
908 4260 1086 4362 patriam
1109 4256 1215 4331 redi·

67 4386 199 4459 των(
246 4380 398 4461 Homm
423 4381 685 4459 testimonium
709 4387 751 4458 et
782 4378 899 4459 tidem
929 4380 1069 4460 merito
1093 4370 1214 4451 secuti
