2686 5236
162 620 241 697 234
511 642 562 693 nn
588 641 725 695 casato
753 642 974 694 rasurum.

161 805 272 883 Libri
285 803 356 879 ΠΙ.
380 803 512 905 Elegia
528 812 662 898 sexta,
687 812 815 879 tamen
832 830 912 881 non
926 804 1050 903 potuit
1067 803 1191 881 animi
1205 830 1312 883 moe·

160 950 292 999 rorem
318 925 534 1022 dispellere.
590 923 672 997 lloo
696 931 870 1022 tempore
895 923 1074 999 Horatius
1101 948 1156 999 ex
1184 924 1311 1025 Spoh·

160 1044 216 1117 nii
242 1039 460 1142 eorrjeetura
485 1042 535 1114 ad
561 1040 760 1116 Tibullum
784 1043 886 1116 misit
910 1043 1015 1116 illam
1042 1042 1191 1138 Odanr,
1220 1070 1310 1121 eon-

160 1163 349 1238 solaturus
363 1161 525 1235 amioum
542 1184 655 1233 stuun
679 1167 717 1233 et
734 1160 1025 1235 exhilaraturus.
1079 1164 1165 1255 Qua
1183 1172 1310 1239 tamen

36 1290 42 1299 ’
160 1304 250 1355 oum
275 1280 371 1353 nihil
405 1276 612 1370 elleoisset,
654 1303 734 1352 non
760 1281 883 1355 nudto
908 1288 996 1377 post
1021 1282 1070 1355 ad
1097 1306 1191 1356 eum
1217 1282 1308 1381 Epi÷

159 1401 297 1475 stolam
322 1398 447 1488 dedit,
482 1421 557 1494 qua
584 1398 729 1496 etipsa
754 1398 918 1472 amioum
942 1408 1184 1475 moerentem
1199 1402 1306 1477 suari

157 1518 323 1615 alloquio
364 1516 561 1590 excitaret.
631 1515 730 1590 lluio
772 1513 1016 1617 conjecturae
1058 1518 1306 1616 Spohnianae

156 1636 382 1733 neutiquam
415 1635 560 1726 obstat,
594 1635 698 1731 quod
730 1634 772 1707 in
796 1634 962 1733 Epistola
1001 1636 1098 1711 nihil
1124 1640 1177 1713 de
1202 1662 1306 1713 moe·

156 1780 249 1829 rore
272 1754 346 1827 isto
372 1750 531 1852 ejusque
557 1776 688 1827 cattssa
713 1755 891 1829 oeenrrit.
941 1754 990 1827 In
1017 1753 1102 1831 Oda
1126 1756 1304 1832 Horatius

156 1874 300 1949 doloris
325 1874 524 1969 luctusque
551 1895 722 1945 caussam
754 1896 825 1946 suo
849 1896 958 1947 more
981 1872 1103 1949 levius
1128 1899 1177 1951 ao
1201 1873 1305 1976 jaeo-

155 1992 233 2069 aius
259 1992 453 2091 attigerat,
487 1989 653 2087 ideoque
678 1988 774 2063 nibil
798 1991 922 2065 solatii
948 1993 1070 2067 amieo
1102 1996 1302 2086 attidem&

154 2112 195 2185 in
220 2109 391 2209 Epistola
416 2108 722 2205 ebetnnspeotius
747 2118 920 2185 versatur
943 2118 982 2184 et
1007 2111 1119 2185 arniei
1147 2110 1304 2214 ejusqre

153 2238 311 2305 naturae
345 2226 471 2299 mollis
504 2226 744 2325 gravitenpre
777 2227 937 2303 aillietae
970 2230 1165 2327 potiorem
1190 2232 1303 2306 babet

153 2349 356 2423 rationem.
408 2342 605 2418 Infelicem
631 2347 743 2422 amici
768 2370 961 2440 amorem,
987 2372 1087 2445 quae
1111 2358 1197 2423 erat
1223 2347 1302 2450 ejus

152 2464 416 2567 perspicacitas
442 2463 560 2537 animi
585 2463 760 2559 lnmrani,
786 2468 997 2563 prudenter
1020 2467 1176 2543 silentio
1193 2494 1301 2566 prae-

153 2585 330 2661 termittit
365 2607 409 2657 ao
444 2608 487 2657 se
522 2582 757 2657 dubitantem
790 2586 1101 2683 rreseientenupre
1134 2588 1300 2680 sinudat,

153 2705 244 2803 quid
269 2704 333 2778 ille
358 2702 440 2775 ruri
465 2696 580 2802 agat?
606 2700 654 2774 Et
679 2728 799 2799 (prum
816 2692 980 2801 nequeat
998 2706 1177 2798 eredere,
1206 2707 1299 2780 anri-

151 2848 241 2899 omn
273 2824 350 2897 otio
385 2822 427 2895 in
459 2821 552 2895 villa
584 2818 669 2927 frui
692 2821 807 2896 inerti
842 2847 887 2896 ae
922 2823 1133 2917 desidioso,
1173 2848 1229 2899 ex
1254 2850 1298 2900 eo

151 2943 312 3041 quaerit,
339 2942 443 3038 quod
468 2966 565 3037 opus
581 2940 775 3036 poetiormr
791 2936 1021 3015 meditetur?
1050 2943 1135 3035 Qua
1152 2945 1298 3019 ratione

150 3070 252 3136 tecte
277 3085 368 3134 enm
399 3067 553 3150 monet,
590 3067 633 3130 ut
664 3060 877 3133 litteraramr
910 3060 1042 3133 studiis
1075 3085 1188 3135 ouras
1215 3088 1297 3137 mo-

149 3180 352 3276 lestiasque
385 3178 526 3251 amoris
561 3185 745 3251 extenuet
779 3179 987 3275 diluatque.
1047 3180 1196 3255 Deinde
1223 3206 1296 3279 quo

149 3299 261 3373 eitius
297 3300 346 3371 ad
377 3297 575 3395 pristinam
612 3296 728 3369 animi
760 3296 986 3371 bilaritatem
1010 3300 1164 3394 redeat,
1208 3324 1295 3375 eum

150 3416 440 3493 oonnnouesaeit
464 3415 737 3489 beneficiorum
767 3439 790 3489 a
815 3418 896 3491 biis
921 3426 1188 3516 acceptorum,
1216 3418 1295 3494 sor·

147 3536 349 3625 mositatis,
392 3536 609 3608 divitiarmn
643 3543 683 3608 et
717 3536 945 3633 sapientiae,
981 3562 1059 3633 qua
1092 3538 1199 3612 vitae
1225 3539 1295 3612 hu·

147 3678 282 3729 manae
314 3654 431 3727 finem
464 3654 676 3754 intelligere
709 3650 865 3754 ejusque
899 3655 1008 3729 bonis
1023 3638 1031 3651 ¹
1045 3654 1124 3729 frui
1165 3657 1293 3755 possit.

148 3773 220 3849 cui
245 3774 390 3849 monito
422 3781 466 3846 ut
499 3773 623 3846 onmis
650 3775 885 3872 abstergatur
918 3770 1094 3866 offensio,
1131 3777 1294 3851 silenter

147 3894 197 3968 de
223 3918 264 3967 se
289 3915 457 3989 suaeque
483 3892 584 3967 vitae
610 3892 757 3965 ratione
781 3888 942 3991 jocatur.
1002 3891 1205 3969 Tibrdlum
1230 3896 1294 3969 illo

146 4020 320 4110 tempore
353 4012 394 4083 iu
435 4011 527 4087 villa
560 4010 713 4084 Pedana
751 4018 1029 4085 commoratum
1063 4036 1169 4105 essa,
1213 4015 1292 4112 ipsa

145 4129 314 4229 Epistola
339 4132 460 4205 docet
511 4128 557 4203 ln
583 4153 670 4204 eam
694 4130 828 4226 prooul
855 4130 970 4205 dubio
996 4142 1227 4227 seoesserat,
1252 4138 1292 4207 ut

145 4257 210 4323 ant
244 4250 367 4323 dolori
402 4251 450 4323 de
484 4246 629 4346 perfida
660 4249 787 4347 puella
815 4248 1049 4348 indulgeret,
1084 4258 1152 4323 aut
1178 4250 1289 4325 animi

144 4368 375 4441 moestitiam
416 4370 531 4443 uillae
571 4370 672 4443 inter
708 4369 831 4442 Tibur
875 4377 912 4442 et
945 4368 1154 4445 Praeneste
1200 4372 1288 4445 sitae

144 4487 372 4560 amoenitate
407 4489 640 4564 dissolveret.
711 4488 914 4563 Caeterum
956 4485 1155 4585 Spolmius
1190 4490 1288 4563 illam

143 4602 351 4704 Epistolam
392 4606 571 4707 scriptam
612 4631 696 4683 esse
737 4607 946 4708 suspicatur
988 4607 1143 4684 circiter
1175 4633 1212 4684 a.
1246 4607 1286 4682 U.
