2670 5294
155 667 232 745 294
503 690 554 741 oa
580 690 718 741 cassio
744 690 970 743 cernensi.

156 880 248 928 rum
281 864 327 927 tu
360 850 469 927 testis
494 877 557 942 cs,
584 850 724 949 fuisse
741 849 915 947 iudicer,
958 878 1106 955 meque
1132 856 1190 929 au
1211 854 1294 955 opti·

156 1000 265 1048 muna
289 997 398 1073 sporn
419 969 581 1071 patriae
610 996 694 1045 uon
716 969 928 1045 marimum
951 971 1031 1047 tici
1060 972 1149 1073 r'psi
1167 975 1293 1074 produ-

156 1094 324 1167 cendum
342 1096 503 1191 pre-les.“
553 1088 617 1164 Ex
641 1090 825 1167 hocloco
851 1100 964 1165 acute
989 1093 1094 1169 vidit
1109 1092 1292 1168 Selaiitzias

156 1211 338 1311 intelligi,
381 1210 609 1307 scriptorem
642 1205 758 1308 hujus
798 1210 982 1307 epistolae
1027 1212 1293 1287 adolescentem

156 1330 288 1402 luisse.
338 1327 390 1401 Et
415 1328 553 1425 (pronis
578 1334 689 1425 pacto
713 1329 998 1423 contenderim,
1026 1328 1207 1405 Cassium
1220 1328 1294 1403 Par·

157 1471 331 1521 inensem
356 1471 437 1520 non
462 1446 677 1544 scripsisses
710 1444 860 1519 sinilia
882 1445 965 1521 illia
995 1446 1292 1543 cognationales,

158 1566 227 1640 sed
261 1565 514 1657 facinoribus,
551 1588 718 1664 quorum
750 1576 797 1639 tu
826 1564 933 1639 testas
957 1564 1085 1640 fuisti.
1138 1566 1293 1663 Denique

159 1692 203 1757 ut
229 1682 327 1759 hanc
351 1683 551 1781 epistolam
575 1707 598 1756 a
624 1682 756 1757 Cassio
781 1684 998 1778 Parmensi,
1038 1684 1199 1767 homine
1222 1708 1293 1761 aru·

159 1802 241 1877 dito
266 1810 307 1877 ot
329 1813 466 1901 poeta,
493 1809 691 1875 exaratam
707 1802 953 1897 essedicarn,
979 1802 1182 1879 dissuadet
1198 1804 1292 1877 totim

159 1921 344 2019 epistolae
389 1921 489 1995 ratio
530 1926 569 1993 et
618 1921 799 1995 orationis
850 1921 968 1997 color.
1059 1923 1163 1997 Vere
1210 1920 1291 1995 enin

158 2038 353 2113 Waiskius
376 2040 403 2112 l.
421 2064 456 2115 o.
480 2037 701 2138 ‚,Epistola,
726 2039 870 2137 implut,
894 2064 976 2114 non
991 2038 1037 2113 in
1053 2048 1162 2134 tote,
1189 2039 1291 2115 sedin

160 2157 330 2257 partibus
355 2158 566 2256 probanda.
617 2156 776 2231 Initium
799 2156 844 2231 fit
868 2182 891 2231 a
916 2158 1200 2235 declamatione
1221 2158 1290 2233 san

158 2277 305 2373 inepta,
332 2299 432 2373 quae
456 2276 585 2350 nescio
610 2274 705 2373 quid
729 2276 856 2376 magni
879 2272 987 2376 jubet
1004 2300 1187 2375 sperare,
1210 2276 1291 2375 qnod

158 2394 342 2493 epistolae
376 2395 515 2467 rnodus
546 2419 625 2467 uon
659 2392 792 2491 capiat.
843 2390 923 2469 Sed
947 2403 1036 2492 post
1062 2395 1212 2494 aliquot
1232 2394 1291 2471 icr-

161 2513 282 2587 mulas
331 2514 517 2588 oratorias
559 2511 792 2587 niblinrioris
839 2512 1014 2588 dictionis
1059 2526 1215 2612 peracta
1250 2518 1291 2587 est

161 2656 306 2706 caussa.
357 2631 452 2706 lnde
478 2656 501 2705 a
525 2642 557 2721 t.
576 2632 614 2707 3.
640 2632 763 2707 oratio
781 2628 825 2704 fit
849 2632 1066 2731 popularis:
1092 2642 1134 2709 et
1147 2638 1292 2733 apparet.

161 2776 346 2849 qrtorsrun
381 2751 447 2824 illa
480 2750 588 2849 (prasi
626 2750 847 2851 panegyrici
888 2750 1077 2848 particula
1114 2752 1292 2851 spectarit:

161 2871 244 2945 vult
269 2895 312 2944 se
328 2870 456 2967 ipsum
475 2870 743 2945 commendare
758 2870 931 2967 scriptor.
964 2870 1050 2944 Hoc
1067 2868 1163 2947 facit
1179 2870 1295 2947 melius

162 2997 200 3062 et
226 2988 425 3086 copiosius.
485 2987 570 3062 Non
605 2988 687 3063 vult
718 3012 743 3061 a
769 2988 972 3081 Cicerone,
1005 2989 1144 3065 utlaio
1168 2986 1294 3089 promi-

160 3115 280 3199 serat,
307 3108 389 3181 aliis
415 3106 692 3200 commendari,
720 3108 789 3181 sed
813 3107 887 3205 ipsi
911 3106 1037 3206 potius
1063 3108 1294 3185 commende-

158 3232 220 3298 tus
247 3249 352 3299 esser
393 3250 466 3300 noc
499 3225 664 3322 postulat
697 3226 803 3323 plus,
841 3250 958 3324 qnam
991 3233 1035 3301 ut
1059 3253 1166 3303 uaris
1189 3228 1236 3303 sit
1255 3226 1293 3299 da

159 3343 316 3434 multis,
362 3370 459 3441 quos
496 3343 630 3417 Cicero
664 3342 833 3420 foveat.“
884 3347 986 3421 llaec
1011 3346 1148 3422 omnia
1175 3344 1294 3421 sicin

158 3484 245 3536 cere
270 3463 595 3559 reputaverimus,
622 3488 702 3537 non
726 3464 935 3561 poterimus
951 3464 1048 3562 quin
1063 3463 1292 3565 rejiciendam

158 3604 242 3656 esse
267 3580 436 3654 dicamus
462 3583 689 3655 seutentiam
723 3584 772 3657 de
799 3583 927 3659 Cassio
952 3584 1176 3679 Parmensi,
1206 3582 1291 3657 illim

158 3699 340 3798 epistolae
360 3700 554 3796 scriptore,
580 3708 620 3774 et
634 3698 831 3794 sotemnur,
858 3697 1054 3801 dejuvene
1067 3698 1291 3800 potiuscogi·

158 3818 317 3893 tandum
335 3842 430 3892 esse.
463 3818 743 3915 Quaerentibus
758 3828 898 3914 autem,
914 3821 1011 3895 sitne
1027 3816 1290 3897 cumSchiitzio

157 3936 353 4011 habendus
379 3944 512 4010 auctor
529 3936 711 4035 epistolae
727 3938 829 4013 illius
846 3938 892 4012 L.
909 3938 1076 4031 Cassius,
1094 3940 1291 4015 Procomu·

156 4056 204 4129 lis
230 4080 283 4131 ex
307 4053 427 4129 statne
452 4055 571 4149 filius,
607 4057 703 4160 nihil
727 4058 888 4155 amplius
912 4059 1150 4157 respondere
1173 4054 1289 4141 ausim

157 4199 274 4271 quam
297 4195 409 4272 posse
435 4197 527 4248 erun
558 4174 727 4274 intelligi.
778 4175 946 4274 Epistola
970 4178 1104 4275 prodit
1129 4174 1291 4277 jovum

154 4293 381 4385 anunosrun,
407 4292 553 4391 patriae
568 4292 827 4393 libertatisque
844 4304 1048 4390 amantem,
1062 4296 1192 4373 laudis
1203 4288 1292 4391 urp-

153 4409 305 4485 dumet
329 4411 462 4484 altiora
478 4410 745 4509 adspirantem.
798 4414 933 4489 Talem
951 4422 1082 4491 autem
1098 4414 1217 4493 inissa
1238 4434 1291 4487 no·

153 4527 280 4603 vimus
298 4528 408 4601 illum
426 4528 474 4603 L.
490 4527 672 4605 Cassium.
712 4528 754 4605 Is
770 4533 894 4631 patrui
910 4540 1031 4608 castra
1046 4544 1203 4611 mouns
1216 4536 1292 4622 aad,

155 4643 314 4722 sortasse
347 4646 466 4723 invito
498 4656 625 4748 patre,
661 4673 778 4747 quern
803 4650 1071 4729 Caesarianum
1096 4652 1219 4731 furiosa
1240 4674 1292 4729 ra·

155 4764 426 4843 risimillimum
459 4775 535 4843 este
579 4770 658 4849 vid.
693 4794 806 4871 supra
836 4780 868 4861 t.
894 4773 956 4849 13.
1016 4770 1232 4855 Streumtm
1250 4790 1291 4861 e
