2670 5294
100 649 178 730 254
453 672 505 724 nr
532 670 669 724 cassio
696 672 916 724 rannessa

100 841 261 915 alteurm
286 835 590 937 quinquennium
616 835 806 910 obtineret
830 832 955 909 Julius
982 832 1151 929 Caesar,
1173 831 1243 937 ejus

100 960 141 1031 iu
173 958 295 1030 Gallia
336 957 483 1056 legatus
518 954 639 1029 factus
680 960 756 1046 est,
799 960 840 1028 et
878 952 1045 1028 Praetor
1086 956 1241 1028 urbanis

101 1102 135 1151 a.
161 1076 203 1148 U.
224 1074 266 1149 C.
291 1077 379 1148 700.
415 1082 563 1147 creatus
599 1097 700 1147 anno
732 1081 918 1170 sequente
948 1074 994 1147 in
1028 1074 1239 1173 Rispaniam

100 1195 238 1268 missus
273 1201 352 1283 est,
394 1199 437 1264 ut
477 1192 652 1292 Longino
693 1199 844 1267 mortim
885 1194 1134 1267 nroeederetz
1171 1192 1237 1266 rid.

102 1314 235 1387 Cicero
262 1310 310 1385 ad
327 1312 473 1384 Divers.
500 1308 607 1383 Libr.
626 1308 713 1382 XV.
739 1308 858 1408 Epist.
874 1312 938 1384 21.
964 1312 1014 1384 cl.
1039 1309 1122 1385 Jul.
1141 1308 1234 1383 Caes.

101 1433 138 1505 d.
173 1432 217 1503 B.
245 1428 292 1504 G.
325 1429 433 1501 Libr.
462 1427 516 1520 V,
544 1428 607 1501 24.
651 1427 744 1522 VII,
771 1428 835 1502 81.
878 1427 992 1522 VIII,
1026 1430 1095 1503 10.
1129 1426 1234 1503 etde

39 1565 48 1585 ⁸
100 1550 144 1620 B.
163 1548 244 1624 Civ.
260 1548 367 1620 Libr.
384 1548 423 1639 Ι,
451 1549 516 1621 36.
540 1546 619 1639 ΠΙ,
641 1546 705 1621 20.
756 1549 871 1621 Anno
890 1546 935 1620 U.
948 1545 993 1619 C.
1010 1549 1104 1622 709.
1130 1568 1231 1644 (pum

99 1666 222 1741 Julius
241 1667 378 1741 Caesar
396 1690 528 1739 mense
541 1664 761 1764 Septembri
774 1690 828 1739 ex
846 1664 1027 1763 Hispania
1052 1666 1177 1740 redux
1197 1685 1230 1736 se

100 1785 307 1860 Consulatu
342 1785 571 1878 abdicasset,
615 1786 659 1878 Q.
686 1782 847 1857 Fabium
879 1782 1098 1857 Maximum
1128 1793 1167 1856 et
1196 1779 1228 1854 C.

100 1904 360 1992 Trebonium,
403 1926 492 1976 suos
534 1902 729 2001 hucusque
765 1904 928 2003 legatos,
969 1903 1044 1976 sihi
1087 1898 1228 1992 suffecit.

98 2022 225 2096 Nihilo
260 2030 388 2096 umen
421 2021 543 2094 secius
578 2019 620 2094 C.
648 2022 864 2096 Trebonius
900 2043 1007 2112 curm,
1042 2028 1090 2093 ut
1115 2019 1228 2093 Cicero

98 2141 264 2238 Philipp.
286 2139 336 2211 Π.
364 2164 398 2212 c.
419 2141 479 2212 ll.
506 2139 577 2232 ait,
608 2140 820 2243 libertatem
855 2140 898 2213 P.
919 2140 964 2211 R.
1002 2139 1116 2211 tinius
1148 2136 1229 2209 ami·

99 2258 207 2334 ciliae
240 2266 511 2356 praeponeret,
554 2259 811 2356 depulsorque
855 2256 1075 2330 dominatus
1115 2255 1228 2330 mallet

99 2400 183 2450 esse
209 2401 324 2473 (pram
348 2378 558 2475 particeps,
595 2402 684 2452 cum
716 2376 837 2450 Bruto
872 2383 913 2449 et
938 2374 1069 2449 Cassio
1095 2373 1228 2473 conspi-

99 2495 211 2571 ravit.
272 2496 391 2589 Quid,
429 2495 533 2593 quod
566 2492 643 2594 jam
678 2500 786 2587 ante,
823 2517 939 2591 quam
964 2494 1021 2565 illi
1048 2492 1227 2590 conspira-

98 2622 205 2705 rent,
232 2614 271 2686 id
297 2615 443 2688 consilii
460 2614 677 2714 agitaverat.
728 2612 844 2703 Nam,
871 2619 1024 2686 auctore
1040 2609 1227 2684 Plutarcho

99 2732 139 2805 in
173 2732 248 2806 Vit.
281 2733 438 2807 histonii
472 2758 505 2807 c.
536 2733 617 2823 13„
656 2732 721 2805 ille
734 2784 745 2823 ,
779 2730 882 2805 Julio
911 2734 1073 2804 t'aesare
1099 2755 1150 2804 ex
1172 2729 1228 2801 lli·

100 2852 230 2950 spania
265 2854 471 2944 redeunte,
515 2850 568 2924 M.
610 2850 818 2923 Antonium
852 2849 1028 2923 Narbone
1072 2849 1114 2922 in
1153 2848 1229 2924 Gal·

101 2972 151 3043 lia
185 2971 443 3067 appellaverat
485 2970 533 3043 de
574 2969 697 3042 caedis
730 2969 1017 3060 communnione,
1063 2973 1102 3041 et
1139 2969 1230 3040 idem

97 3088 322 3162 Plutarchus
348 3088 389 3160 in
414 3087 489 3161 vit.
516 3088 623 3160 Bruti
649 3113 682 3161 e.
704 3089 761 3160 18.
788 3085 925 3178 refert,
959 3085 1012 3158 M.
1034 3087 1230 3160 Antonium

97 3207 179 3305 ipsa
206 3207 330 3280 caedis
357 3207 418 3279 die
444 3207 543 3281 circa
570 3207 697 3279 curiae
722 3202 873 3305 januam
892 3206 1089 3279 seductum
1108 3204 1229 3279 aTre·

96 3325 213 3398 honio
230 3332 270 3399 et
286 3322 424 3423 injecto
444 3350 621 3399 sermone
635 3324 728 3398 ioris
747 3324 941 3397 detentum
959 3324 1111 3419 esset’).
1144 3322 1229 3394 Pau·

98 3444 151 3517 cis
197 3442 332 3514 diebus
376 3453 483 3541 post,
525 3469 642 3542 <pram
683 3441 806 3516 Julius
847 3441 985 3515 Caesar
1019 3441 1227 3515 interfectus

99 3561 247 3653 hierat,
275 3558 317 3632 C.
346 3561 540 3635 Trebonio
560 3560 756 3659 provincia
783 3561 830 3632 ab
849 3558 996 3633 Senatu
1022 3561 1168 3637 decreta
1178 3565 1226 3631 est

98 3680 195 3771 Asia,
214 3680 255 3751 in
271 3703 385 3776 quam
397 3679 555 3755 Praetor
567 3706 654 3753 cum
670 3678 833 3775 imperio
842 3678 1031 3751 consulari
1045 3677 1224 3753 confestim

96 3787 200 3870 abiit.
261 3795 346 3870 Jam
381 3823 470 3871 clun
496 3800 636 3871 Brutus
670 3805 710 3870 et
736 3795 905 3887 Cassius,
942 3820 1011 3893 spe
1036 3821 1109 3895 per
1131 3796 1223 3869 ludos

96 3915 336 4014 Apollinares
362 3917 516 4013 plebem
542 3917 615 3989 sibi
641 3914 867 3990 conciliandi
892 3912 1064 3988 frustrati
1088 3916 1126 3988 iu
1150 3936 1221 4012 pro

96 4034 239 4108 vincias
275 4035 324 4106 ab
358 4034 460 4109 Julio
487 4035 648 4108 Caesare
682 4033 775 4131 ipsis
802 4034 993 4123 decretas,
1035 4030 1219 4106 Bnitusiu

96 4150 380 4245 Macedoniam,
432 4154 473 4225 in
514 4151 666 4246 Syriam
709 4151 877 4241 Cassius,
922 4150 1045 4224 Roma
1083 4143 1218 4250 proiecti

97 4280 386 4366 properassent,
432 4272 501 4345 Cu.
536 4270 752 4362 Dolabella,
797 4269 953 4342 Antonii
979 4270 1019 4342 in
1045 4268 1230 4369 consulatu

97 4387 260 4487 collega,
295 4414 366 4487 per
388 4389 594 4489 popidum,
629 4388 746 4462 invito
774 4385 941 4482 Senatu,
976 4384 1167 4478 effecerat,
1187 4386 1218 4452 ul

98 4563 293 4575 --—..-..-.

183 4659 239 4737 40)
262 4658 408 4719 Plutarchi
430 4681 464 4720 aa
484 4663 514 4720 in
534 4683 566 4721 re
590 4660 676 4720 fidem
698 4670 822 4736 praestat
834 4658 936 4718 Cicero
947 4657 1074 4735 Philipp.
1087 4656 1125 4718 11.
1145 4677 1167 4716 o.
1177 4654 1215 4714 11·

97 4756 125 4802 et
147 4742 238 4806 Xlll.
262 4766 289 4805 c.
311 4752 361 4807 10.
382 4747 420 4805 cl.
443 4746 572 4822 Appian.
595 4747 631 4806 de
652 4744 690 4805 B.
707 4744 770 4805 civ.
793 4743 875 4803 Libr.
893 4741 935 4802 ll.
956 4766 982 4803 c.
1004 4752 1077 4808 117.
