2686 5236
1007 406 1015 425 Ι

680 476 693 493 Ι

420 682 471 733 ns
497 683 635 735 cessio
660 682 882 735 neumausi.
1145 661 1227 737 24³·

72 846 358 948 epigrammata
381 844 540 945 intelligi
564 846 708 920 matut.
765 846 860 920 uam
886 846 961 920 nisi
985 828 1246 923 miscueris?

73 966 224 1065 Elegias
249 987 389 1062 easque
415 965 637 1057 amatorias,
673 967 777 1040 milla
802 966 998 1063 apparebit
1021 967 1137 1059 ratio,
1168 969 1220 1041 ob

76 1107 194 1181 (piam
220 1082 296 1156 dici
319 1083 486 1179 potuerit
512 1083 685 1156 Tibullus
710 1085 793 1158 ruri
823 1084 864 1156 id
889 1107 1021 1182 agere,
1063 1093 1104 1156 ut
1130 1083 1221 1159 Cas·

74 1203 176 1275 sium
191 1199 436 1273 Parmensem
454 1201 664 1275 carminum
676 1203 905 1300 praestantia
926 1201 1062 1275 vincat.
1096 1202 1221 1301 Atque

73 1320 117 1392 iu
134 1318 267 1393 eadem
284 1318 480 1410 sententia,
498 1328 652 1416 praeter
663 1321 906 1394 Wielandum
924 1328 963 1393 et
980 1320 1053 1393 Tb.
1069 1320 1222 1396 Schmi-

75 1438 203 1529 dium,
246 1435 502 1534 Epistolarinn
536 1436 667 1512 Horat.
702 1438 898 1532 Editores,
943 1461 1096 1512 meaturi
1138 1464 1221 1516 csso

77 1557 192 1632 video
227 1553 273 1628 A.
301 1554 500 1627 Matthiam
533 1556 594 1628 in:
642 1557 817 1631 Gmiidr.
844 1559 884 1631 d.
914 1555 1051 1630 Gescb.
1078 1559 1119 1630 d.
1149 1559 1220 1634 Gr.

74 1701 119 1747 u.
143 1674 262 1747 liin..
289 1671 512 1745 Litterutur
536 1700 576 1771 p.
598 1675 686 1748 186.
713 1677 785 1749 ed.
801 1677 839 1750 3.
866 1682 905 1749 et
929 1676 976 1746 H.
995 1664 1219 1751 Paldamum

75 1793 119 1866 in
143 1789 352 1865 Riimiscbe
375 1789 514 1864 Erotis
539 1817 578 1889 p.
599 1794 683 1884 76„
711 1793 778 1890 qui
795 1793 912 1867 etiam
928 1792 1116 1867 Huscbkii
1134 1795 1220 1869 ille·
1333 1866 1337 1875 ,

75 1911 167 2009 pide
191 1916 407 1985 commenta
439 1908 481 1981 in
505 1909 609 1982 Diar.
635 1909 770 1985 Litter.
796 1910 904 2012 Lips.
928 1910 1040 1986 1825.
1066 1910 1110 1985 N.
1130 1915 1219 1987 237.

75 2028 271 2127 proposita
295 2026 397 2100 haud
422 2026 614 2101 immerito
640 2031 817 2131 exagitat.

180 2146 231 2220 At
256 2152 368 2220 enmt
382 2143 542 2220 sortasse
568 2147 635 2244 qui
662 2149 806 2240 dicant,
833 2145 1059 2223 Scholiastas
1077 2154 1221 2222 tautum

76 2264 303 2339 Horatianos
337 2264 386 2337 da
426 2263 544 2338 Cassii
575 2265 789 2339 Parmensis
832 2268 1012 2365 operibus
1047 2267 1221 2368 elegimis

77 2383 315 2458 mentionem
348 2379 494 2473 iacere,
536 2404 663 2478 neque
698 2407 831 2456 ecmim
865 2383 980 2457 fidem
1006 2408 1091 2459 csse
1116 2383 1219 2484 ejus·

75 2501 202 2594 modi,
235 2501 278 2574 in
303 2523 378 2598 qua
403 2499 643 2596 acipriescere
667 2501 868 2599 possimus.
922 2501 1068 2599 Quibus
1094 2511 1220 2577 andem

76 2642 177 2719 quae
200 2619 476 2747 respondeam,
501 2644 579 2693 uon
605 2620 756 2692 desimt.
809 2616 854 2691 Si
879 2619 984 2692 enini
1000 2621 1114 2717 paulo
1133 2629 1220 2696 anta

76 2739 224 2813 ratione
257 2737 537 2813 evidentissima
571 2739 869 2813 demonstratum
905 2745 984 2831 est,
1020 2737 1219 2813 Tibullum

74 2882 155 2932 non
179 2855 254 2930 nisi
282 2879 371 2930 cion
395 2863 509 2954 poeta
534 2856 697 2957 elegiaco
723 2879 847 2954 eoque
868 2855 1118 2954 praecellente
1138 2857 1220 2931 sine

75 2971 223 3050 offensa
246 2976 414 3072 potuisse
440 2975 636 3073 componi,
662 2975 704 3048 in
730 2973 922 3066 confesso,
949 2975 1107 3073 opinor,
1134 2975 1219 3071 erit,

75 3074 218 3169 testoni
250 3093 301 3166 dc
325 3091 466 3192 Elegiis
492 3092 677 3167 Cassianis
708 3101 748 3168 et
781 3100 978 3168 auctorem
1002 3094 1221 3192 locupletis-

75 3212 217 3286 simum
254 3211 388 3284 adesse
428 3209 555 3308 ipsum
589 3210 807 3303 Horatium,
852 3208 959 3310 cujus
993 3210 1087 3285 fides
1131 3236 1221 3286 cum

76 3330 250 3405 omnitun
283 3329 445 3402 alionim
479 3328 729 3427 scriptorum,
773 3338 857 3403 term
889 3330 1065 3428 inprimis
1091 3328 1220 3406 Ovidii

74 3447 228 3523 silentio
262 3447 420 3521 niiuime
446 3445 702 3520 labefactetur.
761 3448 1091 3541 Qiiemaibnodum
1116 3449 1220 3524 enim

74 3565 395 3642 verisimillimum
438 3572 518 3656 est,
568 3565 782 3638 tristissima
826 3567 895 3639 ista
937 3575 1059 3658 sorte,
1103 3592 1220 3665 quam

75 3683 228 3758 Cassius
252 3682 467 3756 Parmensis
491 3681 646 3755 Athenis
671 3683 830 3757 subiisse
855 3683 995 3775 sertin,
1022 3684 1135 3756 simul
1158 3684 1236 3758 iu·⁴

73 3801 179 3903 genii
205 3796 286 3901 ejus
313 3801 467 3873 laudem
492 3800 777 3897 carminumipie
795 3802 1020 3874 memoriam
1047 3803 1222 3874 obrutam

73 3942 164 3994 csse
188 3941 233 3992 ac
260 3919 444 4009 deletam3
488 3919 542 3991 ita
568 3918 680 3991 etiam
711 3918 893 3993 credibile
919 3919 1124 3993 admodum
1149 3925 1232 4011 est,-

73 4034 162 4138 ejus
187 4037 425 4110 mentionem
449 4036 621 4110 consulto
637 4036 944 4133 praetermissam
964 4060 1046 4109 esse
1062 4037 1110 4108 ab
1128 4032 1224 4110 ovi-

74 4156 141 4230 dio
167 4155 417 4246 subtimente‚
449 4179 500 4227 ne
532 4153 630 4228 illius
656 4156 766 4228 laude
791 4155 832 4226 in
858 4155 1016 4255 Augusti
1042 4150 1221 4228 offensio-

73 4296 167 4347 nem
191 4272 413 4349 incurreret.

589 4467 621 4548 ς.
653 4460 712 4532 12.

154 4623 252 4705 Nam
285 4624 437 4701 Cassius
469 4625 703 4717 Parmensis,
744 4651 832 4700 cum
867 4653 965 4700 tuuis
991 4653 1043 4702 ex
1069 4650 1224 4725 percus·

75 4744 231 4819 sonibus
265 4740 358 4819 iulii
390 4742 561 4818 Caesaris
585 4744 737 4837 fuisset,
771 4745 812 4819 in
845 4769 983 4845 magno
1017 4753 1130 4842 atipie
1163 4743 1225 4815 in·
