2670 5294
445 285 494 334 or
523 285 655 335 csssro
685 285 904 335 rsumsssr.
1179 266 1249 341 221

106 446 291 524 XXXIII.
317 470 351 522 c.
367 446 433 521 37.
491 445 612 543 Atqui
643 446 826 541 Parmae,
858 448 953 523 dum
978 448 1117 542 Tusci,
1152 448 1253 527 Galli

106 578 146 645 et
170 564 259 668 Boji
290 564 396 642 illam
427 565 626 667 regionem
658 569 860 660 tenebant,
902 568 1007 643 nulla
1030 567 1074 640 fit
1097 573 1255 667 mentio,

106 689 181 763 sed
194 688 351 761 demum
367 685 496 759 sectile
511 694 597 783 post
613 687 658 761 U.
674 683 716 759 G.
734 694 846 762 sexto
864 694 1109 761 memoratur.
1161 689 1256 764 Nam

106 830 213 883 auno
237 806 286 881 U.
313 802 356 877 G.
387 804 475 877 571.
508 803 562 877 Μ.
588 805 748 881 Claudio
772 804 955 881 Marcello
990 814 1030 881 et
1066 809 1110 899 Q.
1136 808 1255 883 Fabio

106 924 292 1001 Labeone
317 922 445 1013 Coss,
480 932 523 995 ut
546 931 682 999 auctor
706 931 766 999 est
790 923 925 999 Livius
950 922 1057 998 Libr.
1073 928 1255 1001 XXXIX.

106 1068 143 1119 e·
170 1043 234 1118 55.
241 1093 254 1135 ,
289 1040 480 1133 „Mutine
513 1053 551 1115 et
582 1046 734 1116 Parma
766 1041 943 1115 coloniae
981 1045 1256 1120 Reumuomm

107 1160 257 1237 ciuium
290 1172 384 1235 meret
417 1160 619 1235 dedicatae.
682 1159 789 1235 Bina
813 1159 939 1233 cnidio
972 1162 1176 1238 herpinum
1211 1165 1257 1240 c‘u

107 1305 232 1378 agro,
258 1278 328 1379 qui
339 1278 533 1379 proxime
556 1280 767 1373 Boiorum,
803 1292 897 1353 ursle
925 1284 1142 1355 Truccmuu
1155 1284 1257 1381 fue·

107 1410 201 1493 rut,
233 1410 373 1473 octena
403 1399 544 1492 iugera
568 1402 762 1488 Parme,
798 1398 920 1498 quine
944 1399 1125 1473 Mutuum
1150 1428 1258 1475 ‹scre-

103 1523 297 1621 peruut.“
350 1515 395 1591 Si
418 1517 532 1617 igitur
546 1518 708 1592 Parmae
733 1517 841 1617 erigo
858 1519 905 1590 ad
923 1518 1139 1617 antiquiora
1161 1528 1259 1594 tem·

110 1663 205 1739 pora
236 1638 455 1723 reducenda
489 1637 560 1732 sit,
601 1636 837 1736 praestiterit
869 1639 918 1710 ad
942 1635 1058 1738 Bojos
1084 1663 1170 1713 eam
1194 1665 1258 1714 re·

109 1758 213 1831 I'erre
246 1780 364 1853 quam
401 1756 449 1830 ad
494 1756 663 1850 Tuscos,
706 1756 934 1856 praesertim
975 1782 1064 1831 cum
1100 1759 1259 1831 dubium

110 1877 182 1969 ait,
224 1898 318 1949 num
350 1882 493 1951 uacus
526 1875 592 1950 iile
625 1876 829 1973 paludosus
836 1904 858 1969 ‚·
892 1877 933 1948 in
968 1901 1046 1973 quc
1082 1878 1153 1951 sita
1178 1885 1260 1951 erat

110 1994 273 2085 Parma,
298 1990 477 2093 jamtum
494 1993 543 2067 ab
561 1995 637 2067 illis
654 1996 777 2070 ctdtus
802 1993 980 2090 sueritffl).
1033 1993 1104 2068 Sin
1129 2004 1259 2072 autem

109 2114 268 2206 Parma,
294 2112 413 2211 pulsis
439 2112 596 2186 demsun
621 2136 674 2186 ex
697 2114 761 2186 illa
775 2113 930 2212 regione
946 2111 1138 2208 Etruscis,
1166 2139 1260 2189 oon·

112 2233 194 2307 diu
226 2239 307 2325 est,
339 2230 449 2304 utillo
482 2226 568 2329 jure
601 2232 754 2305 videtur
788 2230 969 2327 appellari
993 2256 1105 2329 posse
1131 2233 1259 2307 civitas

111 2350 299 2426 Etruriae.
368 2350 496 2447 Atque
535 2350 626 2422 iude
669 2349 917 2449 inteiligItur,
960 2374 1048 2442 cur,
1090 2351 1261 2449 exceptis

110 2472 263 2546 Horatii
296 2468 539 2561 Scholiastis,
578 2491 693 2541 nemo
727 2467 955 2564 scriptorsun
980 2474 1158 2543 veterum
1182 2477 1261 2544 tra·

112 2590 273 2682 diderit,
305 2589 483 2662 Parmam
508 2587 625 2661 finisse
649 2587 789 2659 urbem
814 2585 1004 2660 Etr-miae.

216 2707 365 2785 Deinde
396 2707 501 2806 quod
532 2706 664 2780 Aaron
697 2712 735 2778 et
768 2702 996 2781 scholiastes
1031 2705 1147 2805 Cruq.
1184 2715 1261 2782 tra-

112 2830 229 2922 dunt,
264 2850 289 2901 a
314 2826 461 2903 Senatu
494 2826 689 2899 decretum
719 2822 856 2917 fuisse,
890 2832 932 2898 ut
966 2826 1083 2901 Cassii
1108 2827 1261 2900 Etrusci

111 2947 222 3040 iibri,
255 2945 347 3044 quia
371 2942 513 3019 nullius
539 2950 666 3017 essent
691 2941 824 3041 pretii,
851 2967 939 3018 cum
966 2947 1151 3022 cadavere
1177 2944 1262 3046 ejus

111 3064 428 3158 incenderentur,
471 3063 534 3155 id,
574 3061 608 3135 si
647 3084 733 3135 rem
772 3062 991 3160 simpliciter
1032 3074 1260 3164 spectamus,

112 3208 271 3283 prorsus
304 3184 491 3257 absonum
523 3187 583 3255 cst
617 3203 762 3277 perque
786 3182 999 3255 ridiculum.
1059 3183 1261 3282 Namque

112 3312 287 3401 tempore
321 3301 473 3377 osuiu
498 3300 563 3373 ille
588 3297 861 3372 existimandus
887 3306 946 3373 est
971 3301 1127 3391 obiisse,
1162 3326 1262 3372 uon-

114 3423 212 3495 drun
244 3428 427 3521 coeptum·
454 3426 538 3494 erat
569 3417 818 3491 animadverti
850 3417 892 3489 iu
923 3423 1168 3491 monumenta
1200 3418 1262 3491 in·

114 3540 238 3643 genii,
263 3540 305 3614 id
329 3539 435 3637 quod
458 3535 615 3636 Augusti
640 3535 797 3609 demum
821 3535 893 3608 sub
919 3535 1081 3633 imperio
1106 3561 1178 3610 usu
1194 3560 1263 3611 ve·

115 3659 219 3733 nisse
252 3653 432 3733 observat
464 3655 517 3728 Μ.
542 3654 692 3729 Seneca
717 3654 898 3728 Centrov.
922 3652 1031 3726 Libr.
1050 3655 1091 3727 V·
1118 3682 1157 3753 p.
1174 3657 1262 3728 321.

112 3777 202 3877 Bip.
252 3778 381 3875 Atque
405 3775 590 3875 supplicia
615 3780 764 3870 sumpta
789 3780 879 3845 sunt
903 3773 952 3845 de
968 3772 1100 3845 studiis
1119 3773 1168 3845 Τ.
1186 3770 1264 3846 La-

114 3896 241 3989 bieni,
284 3894 402 3970 Cassii
435 3892 571 3968 Severi
606 3898 647 3965 et
672 3890 854 3965 Cremutii
880 3889 1015 3984 Cordi,
1051 3916 1264 3990 eorumque

115 4015 257 4115 scripta
282 4014 446 4090 Senatru
471 4010 652 4086 consutis
666 4008 804 4083 abolita
811 4060 825 4102 ,
851 4034 941 4083 eum
964 4010 1105 4109 partim
1121 4010 1264 4087 referta

204 4222 265 4297 19)
287 4218 420 4282 conferri
442 4224 571 4294 pararint,
593 4235 666 4290 quaa
688 4213 725 4273 de
746 4212 851 4272 finibus
872 4222 901 4273 et
922 4216 1028 4274 ambitu
1051 4213 1184 4277 Etruriae
1206 4216 1265 4273 dis·

116 4306 209 4451 :Trip
231 4304 275 4371 B.
302 4307 341 4369 a.
364 4300 546 4365 Naeuium
575 4303 606 4360 iu
632 4298 722 4361 Rem.
752 4296 856 4360 dasch.
890 4298 976 4361 Tem.
1003 4298 1029 4362 1.
1062 4322 1092 4377 p.
1124 4306 1195 4360 119.
1219 4318 1264 4369 aq·
