2670 5294
527 300 734 353 excussus
761 306 806 354 n.
1157 283 1230 360 321

90 461 323 561 parasitum,
365 484 556 555 acernam,
598 472 641 539 ut
679 467 846 564 explicat
888 468 935 541 ll.
972 468 1149 565 lloyems
1191 470 1231 543 in

90 580 263 655 drldend.
297 580 347 655 ad
380 580 599 673 Quintilian.
626 582 739 658 'l'onn
757 583 789 656 l.
815 610 854 685 p.
873 587 963 661 460.
1022 587 1230 661 Eudemia

90 723 248 773 numero
265 720 310 773 ac
325 698 411 772 loco
436 698 654 773 babendum
678 711 737 776 est
760 703 874 797 illud,
901 706 1007 801 <prod
1033 708 1082 779 de
1104 708 1230 779 Asinio

90 815 281 909 Pollione,
315 816 383 913 qni
407 840 615 913 numquam
650 821 811 895 admissa
835 823 1077 896 multitudine
1107 825 1232 898 decla-

90 942 230 1029 maret,
255 930 441 1033 judicimn
466 934 556 1009 l'ecit
581 937 737 1011 allatum
762 962 785 1012 a
810 939 864 1012 M.
880 938 1028 1013 Seneca
1049 940 1229 1041 Excerpt.

90 1050 271 1127 controv.
295 1050 404 1126 Libr.
427 1052 492 1127 IV.
516 1076 557 1151 p.
583 1054 673 1129 412.
700 1056 804 1156 Ripa
838 1058 944 1149 „lde
976 1058 1231 1158 triumphalis

90 1194 210 1245 rem
248 1168 424 1264 ἀκροάσεις
456 1196 554 1245 artos
584 1196 792 1274 nunquam
824 1177 976 1275 populo
1017 1176 1228 1252 commisit.-

90 1288 168 1363 n’ue
200 1288 297 1389 quic
322 1314 475 1388 parum
507 1288 551 1362 iu
585 1288 664 1365 illia
697 1293 877 1367 brtbuerit
899 1294 1100 1391 fiduciae,
1134 1295 1227 1384 sine,

90 1408 192 1507 quod
228 1406 357 1503 mugio
382 1406 633 1499 crediderim,
671 1425 806 1485 tutatus
831 1424 967 1484 orator
994 1411 1162 1508 inferius
1190 1411 1231 1484 id

90 1548 186 1625 mata
222 1523 381 1621 ingenio
412 1550 487 1599 auo
522 1526 729 1602 duxerit.“
794 1531 900 1623 Quae
934 1530 1090 1625 (pridem
1135 1529 1227 1601 nrilri

91 1650 238 1743 umpta
261 1666 347 1719 esse
370 1645 553 1721 videntur
577 1646 668 1721 abl.
687 1644 834 1721 Seneca
859 1671 913 1721 ex
927 1646 1088 1720 Labieni
1107 1648 1229 1719 histo-

90 1762 171 1854 iis,
202 1762 341 1861 quibus
365 1786 457 1837 sarae
481 1764 724 1862 potissimum
749 1766 882 1840 aetatis
907 1789 969 1841 res
993 1774 1031 1840 et
1055 1766 1228 1840 homines

89 1880 335 1979 amplexum
360 1906 451 1957 erun
475 1906 561 1957 esse
585 1884 750 1958 dubitari
774 1885 921 1983 nequit.

159 1998 326 2073 Arrimus
350 2000 511 2075 Labieni
534 2024 606 2099 per
629 2002 740 2095 vitia,
765 2004 887 2101 inquit
903 2002 954 2074 M.
974 1999 1139 2093 Seneca,
1168 2002 1225 2075 in-

89 2140 179 2215 gens
204 2116 278 2192 fuit
302 2126 343 2193 et
367 2121 417 2195 ad
441 2119 729 2195 similitudinem
752 2120 894 2220 ingenii
909 2120 1109 2196 violentus.
1152 2120 1226 2191 Ne-

89 2262 148 2312 no
173 2244 303 2311 tamen
328 2246 432 2332 erat,
472 2239 567 2337 quin
592 2263 680 2313 cum
706 2239 853 2313 bomini
877 2238 1005 2312 onmia
1031 2233 1225 2334 objiceret,

89 2354 235 2457 ngenio
265 2357 432 2431 multrnn
464 2358 660 2433 tribueret.
730 2357 902 2431 Libertas
937 2355 972 2429 ei
1005 2353 1073 2427 luit
1110 2361 1225 2443 tantan,

89 2484 125 2549 rt
151 2474 337 2551 libertatis
370 2500 511 2552 nomen
536 2478 745 2551 excederet
777 2483 818 2549 et
842 2474 933 2573 (pria
957 2473 1096 2571 passim
1123 2473 1225 2545 onli-

89 2616 153 2667 ιω
179 2592 429 2693 hominesque
455 2594 637 2689 laniabat,
663 2593 867 2669 Rabicruw
891 2598 1100 2666 vocaretur.
1152 2590 1226 2662 Pro

89 2710 261 2785 macana·
289 2713 445 2788 nomine
478 2718 734 2791 contumeliae
768 2734 900 2785 caussa
934 2710 970 2785 ei
1004 2712 1092 2783 dato
1119 2709 1164 2783 G.
1188 2707 1225 2784 J.

89 2828 265 2923 Vossius,
304 2854 384 2927 <1¹¹⁰
408 2831 546 2904 molins
571 2840 804 2931 παρονομασία
829 2836 1064 2919 servaretur,
1103 2835 1226 2900 tenta·

89 2948 150 3023 bat
184 2946 410 3037 Loniemu,
460 2970 550 3021 cum
587 2945 742 3021 ordines
782 2945 1033 3044 hominesque
1068 2946 1226 3017 laniasse

88 3066 289 3141 liceretur.
342 3063 421 3141 Sed
444 3062 532 3165 jure
554 3065 639 3165 ipse
663 3065 758 3138 illud
782 3060 933 3165 rejecit,
968 3089 1056 3140 cumr
1082 3066 1225 3157 ἐμφατι-

88 3186 229 3283 ιῶτερον
261 3184 311 3258 sit
335 3208 479 3260 nomen
502 3182 694 3273 thbiena',
737 3186 861 3281 quod,
902 3184 1018 3258 invita
1042 3183 1226 3274 Minerva,

88 3320 156 3393 per
179 3297 435 3401 conjectrnam
455 3298 649 3402 Bentlejns
673 3302 880 3376 obtrudere
904 3300 1054 3376 volebat
1078 3300 1225 3372 lloratii

89 3412 191 3489 Libr.
209 3418 242 3492 I.
268 3419 350 3496 Sat.
367 3422 407 3497 3.
432 3448 472 3498 v.
488 3423 569 3496 82:

131 3534 181 3609 si
200 3536 290 3636 οοίο
314 3563 405 3612 erem
428 3564 606 3629 ammam,
634 3535 819 3637 patmum
843 3533 915 3637 qui
937 3533 1071 3607 tollere
1090 3534 1226 3629 iucem

130 3655 309 3729 Samaeos
323 3655 473 3755 pisces,
499 3656 747 3757 tepidumque
771 3650 964 3748 ligurrierit
982 3649 1065 3745 jue,

129 3770 190 3845 In
212 3796 326 3847 eruce
349 3774 546 3879 suffigat.-
582 3773 766 3849 Lrabeonc
788 3767 969 3844 insanior
987 3767 1092 3842 inter

128 3892 263 3967 &aaa
287 3891 459 3967 dicatur.

88 4000 130 4083 tt
157 4031 240 4082 non
264 4010 312 4085 Τ.
337 4008 555 4086 Labienum
586 4010 695 4083 illum
721 4007 784 4081 bio
808 4005 957 4080 traduci
981 4005 1030 4079 ab
1056 4005 1224 4100 lloratio,

88 4126 152 4203 ted
177 4124 231 4201 Μ.
246 4128 455 4203 Antistium
480 4128 722 4219 Labeonem,
753 4124 966 4224 prhroipem
989 4125 1099 4196 illum
1125 4124 1225 4197 lotri-

88 4266 193 4337 um,
233 4246 411 4323 evincere
445 4248 572 4323 stridui
603 4248 644 4322 in
679 4243 905 4320 Lectionum
938 4242 1078 4317 Venus.
1104 4240 1146 4311 Ρ.
1172 4238 1223 4308 ΙΙ.

88 4360 173 4445 'sd-

120 4476 321 4546 Wncnm.
343 4478 519 4547 mustus.
630 4520 633 4525 ·
951 4480 999 4554 21
