2670 5294
518 291 724 370 nxcpnsus
752 293 807 345 iv.
1161 277 1235 352 163

89 457 136 533 sit
162 478 208 531 ao
239 450 550 531 defundendum?
589 452 688 531 lluio
712 456 920 533 sententias
945 456 1151 564 stiffi-aguit
1175 469 1236 544 vi.

89 578 165 653 duo
195 574 461 679 Kreyssigium
501 581 543 649 at
573 572 884 649 Romshornium.
948 576 1054 657 Gens
1077 585 1236 663 Rubria

89 696 191 796 apud
212 696 405 773 Romanos
430 692 536 771 haud
559 692 757 795 ignobilis=
782 720 821 770 v.
849 693 1074 800 Glandorpii
1090 701 1233 782 Onom.

89 843 128 915 p.
151 816 244 891 748.
294 812 344 891 Et
367 810 486 887 liele
508 812 549 887 in
574 812 702 889 Gotha
726 812 839 887 Num.
864 841 904 913 p.
925 818 1014 893 399.
1042 823 1089 897 01.
1113 850 1152 922 p.
1170 828 1236 905 44.

89 958 252 1011 numum
275 929 408 1024 affert,
440 932 485 1007 in
518 957 596 1031 quo
621 930 672 1006 Ι..
697 931 875 1007 Rauso
895 936 1126 1017 Dossennus
1149 971 1236 1022 me·

89 1059 282 1145 moratsu,
323 1050 485 1129 fortasse
517 1058 698 1153 oognatus
722 1052 939 1146 Dossenni,
971 1055 1235 1141 Atellanarum

89 1170 307 1270 soriptoris‚
333 1166 443 1271 nujus
466 1169 641 1245 meminit
655 1170 836 1247 Horatius
860 1172 968 1248 Libr.
985 1174 1037 1250 Π.
1061 1179 1183 1280 Epist.
1198 1188 1233 1259 l.

89 1316 126 1367 v.
155 1292 242 1367 173.
275 1289 326 1367 01.
359 1287 489 1365 Rothii
520 1288 628 1364 Post.
662 1287 776 1367 Scan.
810 1288 898 1369 Lat.
931 1293 1020 1371 Vol.
1045 1296 1094 1371 V.
1126 1300 1171 1374 P.
1196 1304 1235 1377 2.

89 1436 127 1510 p.
144 1411 209 1486 31.

189 1576 339 1655 Varum
362 1586 513 1672 tamon,
538 1583 749 1677 utcumque
775 1580 824 1655 ‹lo
838 1579 1027 1685 Fulgentii
1050 1584 1236 1663 1000010-

89 1699 227 1793 haitan,
269 1695 408 1799 majori
441 1722 529 1773 oum
561 1694 639 1771 lida
671 1697 850 1772 tribuitur
880 1699 1057 1796 Rabirio,
1098 1715 1235 1804 poetae

89 1818 219 1919 spico,
254 1816 531 1919 hagmentum‚
567 1816 670 1915 quod
694 1816 856 1919 legimus
891 1822 994 1921 apud
1020 1821 1236 1901 Charisium

89 1936 183 2013 lust.
211 1938 278 2015 Gr.
303 1963 343 2037 p.
367 1935 432 2011 411.
455 1934 500 2008 Ρ.
535 1934 585 2009 da
617 1961 656 2011 v.
688 1962 828 2035 murga
860 1964 999 2043 genero
1027 1940 1234 2024 feminum

89 2054 164 2153 „Et
187 2054 364 2131 Rabirius
388 2052 546 2130 oxbalits

138 2214 194 2234 ...
218 2216 271 2233 ..
293 2174 438 2251 Idaeos
456 2196 619 2249 sumum
643 2197 731 2247 cum
754 2174 933 2271 murgillo
957 2177 1117 2253 colles.“

89 2328 154 2407 Sio
172 2326 279 2403 huno
293 2348 452 2405 vorsum
476 2325 615 2419 attulit,
639 2331 728 2425 post
753 2322 801 2400 G.
819 2325 856 2401 J.
873 2326 1053 2405 Vossium
1071 2332 1120 2405 ‹lo
1133 2331 1236 2409 Ana·

89 2450 163 2551 log.
180 2445 339 2523 Libr.I.
365 2470 401 2521 0.
417 2447 482 2523 22.
508 2471 549 2545 p.
568 2444 655 2522 145.
682 2443 767 2519 Vol.
784 2443 836 2520 11.
852 2443 967 2547 Opp.,
992 2447 1039 2523 Ν.
1056 2450 1236 2529 Heinsius

89 2569 139 2643 ad
174 2564 303 2643 Ovidii
339 2588 394 2641 ox
425 2563 539 2639 Pont.
571 2563 679 2639 Libr.
704 2560 773 2637 IV.
805 2562 878 2665 Ep.
904 2568 965 2643 16.
1000 2592 1040 2643 v.
1065 2571 1102 2644 5.
1152 2568 1237 2646 Non

89 2686 217 2787 inopte
234 2684 278 2760 G.
295 2681 474 2759 barthius
491 2683 541 2758 ad
561 2679 673 2757 Statii
688 2681 814 2757 Theb.
827 2682 937 2761 Libr.
946 2685 998 2761 X.
1024 2713 1063 2763 v.
1082 2684 1172 2765 454.
1198 2714 1236 2766 v.

89 2803 233 2881 aaut
255 2802 467 2904 oopiilsndo
492 2807 619 2877 noim
642 2824 800 2877 vsrsmn
824 2805 1013 2903 explevit:

138 2920 299 2999 Exulis
322 2923 468 2999 Idam
490 2944 648 2996 suma
671 2945 763 2995 oum
784 2922 963 3021 margine
986 2925 1114 3001 colles.

89 3074 151 3151 Ex
175 3098 254 3175 quo
273 3072 418 3149 Rabirii
442 3070 610 3149 oar-mina
634 3071 698 3147 hio
721 3097 855 3149 versus
869 3084 1044 3176 sumptus
1062 3078 1132 3173 sit,
1156 3104 1237 3155 non

88 3196 312 3270 adnotatio:
355 3198 509 3294 potarat
543 3191 742 3291 oommode
766 3192 895 3269 locum
920 3195 1063 3271 habero
1087 3197 1128 3272 in
1152 3196 1237 3297 ains

89 3314 187 3387 bello
209 3309 399 3404 Actiaco,
424 3310 531 3411 quod
555 3306 801 3411 Spaldingiau
827 3312 877 3386 ad
897 3312 1115 3406 Quintiliani
1139 3315 1235 3387 Inst.

89 3429 158 3507 Or.
183 3429 293 3505 Libr.
315 3430 367 3504 X.
393 3430 477 3505 ul.
502 3428 614 3519 §.tlh
640 3429 723 3515 vol.
739 3429 807 3504 lv.
831 3455 872 3529 p.
884 3431 947 3506 74.
972 3455 1043 3530 por
1067 3455 1237 3507 errorem

89 3548 298 3650 sppallavit
330 3547 473 3623 bollano
503 3544 740 3623 Achaicum.
799 3547 895 3624 Indo
919 3572 1028 3625 orror
1052 3550 1126 3625 ista
1151 3576 1237 3626 sus-

89 3674 226 3768 ooptus
257 3674 315 3743 ast
346 3667 397 3742 sb
431 3665 535 3760 aliis,
577 3690 675 3765 quos
708 3668 852 3745 notavit
876 3669 1136 3769 Kmynigiun
1168 3670 1236 3769 qui

89 3788 139 3861 do
163 3786 321 3863 Rabirio
355 3786 472 3861 Poeta
504 3784 624 3861 otiam
656 3783 821 3861 oonferri
853 3782 964 3885 irunt
987 3786 1101 3862 Fard.
1126 3788 1236 3862 Win-

89 3904 331 3981 okolmannis
352 3901 633 4000 Philologuche
646 3902 808 3977 strazen
815 3954 830 3995 ,
856 3904 897 3977 in
914 3903 1095 3983 Saebodii
1103 3960 1117 4005 ,
1142 3905 1236 3985 Jah-

89 4022 144 4099 nii
167 4030 210 4099 at
231 4021 396 4100 Klotziiz
419 4019 574 4097 Archiv
585 4021 632 4120 f.
649 4021 791 4097 Philon
808 4032 850 4096 0.·
867 4025 1043 4121 Pnedug.
1064 4049 1100 4101 a.
1121 4028 1234 4103 1833.

89 4140 173 4217 Vol.
190 4140 244 4216 Π.
267 4140 377 4219 Fuso.
397 4141 433 4217 4.
461 4166 502 4241 p.
519 4136 609 4216 564.
675 4139 880 4218 Praeterea
911 4142 1152 4220 Burmannnu
1185 4146 1235 4219 ad

89 4255 221 4338 ovidii
252 4260 341 4342 1.0.
372 4285 427 4338 ex
450 4258 611 4339 Charisii
642 4258 740 4337 lust.
766 4258 834 4336 Gr.
858 4288 898 4365 p.
925 4263 1013 4337 188.
1031 4263 1075 4340 Ρ.
1101 4260 1234 4342 affert:

935 4382 979 4458 ll
997 4383 1019 4427 ⁸
