2670 5294
449 251 497 299 nc
526 249 661 299 cessio
690 250 909 299 rnuurusr.
1194 223 1264 296 231

112 411 320 487 Etnncnn
336 412 519 515 ,naturali
551 420 677 487 snorte
710 412 850 486 obiisse
884 411 997 485 tacite
1029 408 1265 508 profitentur.

113 532 223 605 Illius
247 530 387 628 scripta
413 530 537 605 ablata
564 538 601 606 ct
627 530 765 605 scrinia
781 531 948 628 expilata
974 554 1059 604 esse
1077 528 1265 618 relenmt;

113 646 230 749 hujus
260 672 391 747 capsas
417 649 612 745 librosque
638 675 727 724 cum
752 649 870 748 ipsius
896 650 1080 723 cadavere
1106 655 1264 721 exustos

114 793 200 843 esse
225 775 452 841 memorant.
503 766 609 840 Illius
635 768 739 842 varia
754 790 895 867 genera
921 768 1133 840 carmirunn
1159 790 1264 839 com-

113 894 398 975 memorantur3
433 883 551 982 hujus
581 894 731 960 tantum
757 885 948 980 Thyestes
974 885 1166 984 tragoedia
1193 908 1263 957 ex·

112 1014 215 1080 staro
239 1004 375 1079 sertin.
428 1005 532 1097 Quae
558 1006 712 1102 (pridem
737 1005 866 1079 omnia
890 1005 942 1077 ita
966 1005 1062 1076 mihi
1087 1004 1264 1079 videntur

113 1149 198 1199 esse
233 1132 471 1223 comparata,
514 1131 578 1216 ut,
624 1125 771 1199 etiarnsi
810 1123 956 1221 reliqua
992 1122 1261 1213 consentirent,

113 1257 242 1317 tamen
275 1243 337 1317 hic
370 1242 540 1318 diversos
573 1243 673 1319 inter
697 1267 739 1318 se
764 1242 940 1317 homines
965 1264 1169 1343 agnoscere
1195 1264 1261 1316 co-

111 1386 306 1463 geremur.
909 1380 913 1387 ’

476 1535 489 1651 j
601 1560 657 1663 s.
687 1550 747 1624 ιο.

216 1718 361 1796 Verum
392 1728 524 1795 tamen
557 1721 824 1821 gravisshnum
858 1719 1029 1795 omnium
1057 1742 1258 1819 argtnnon·

111 1848 218 1933 tum,
244 1866 322 1939 quo
347 1848 525 1916 vetamur
539 1838 743 1913 Etruscum
767 1848 805 1914 et
829 1839 1075 1913 Parmensem
1091 1838 1260 1913 Cassium

110 1983 182 2057 pro
216 1984 296 2034 uno
336 1961 550 2057 eodemque
586 1966 699 2057 poeta
740 1959 904 2050 habere,
943 1966 984 2032 et
1016 1983 1094 2056 quo
1133 1957 1258 2050 simul,

111 2101 211 2174 quae
236 2078 338 2176 apud
365 2076 593 2152 Scholiastas
617 2078 736 2153 relata
761 2078 943 2177 legimus,
976 2077 1050 2149 alia
1075 2075 1257 2149 refotum-

111 2204 193 2288 tur,
228 2196 303 2269 alia
336 2197 652 2294 comprobantur,
694 2197 860 2295 positum
885 2202 944 2269 est
969 2195 1010 2266 in
1034 2194 1153 2292 ipsius
1180 2194 1256 2267 llo·

109 2315 196 2389 rotii
222 2315 354 2391 verbis
376 2338 588 2411 eorumque
612 2322 717 2391 recta
741 2313 1062 2412 interpretatione.

214 2432 330 2531 Atqui
365 2432 444 2507 Viri
468 2433 599 2527 Docti,
634 2433 703 2530 qui
736 2433 776 2506 in
809 2441 972 2530 utroqrw
997 2431 1143 2504 Horatii
1171 2431 1257 2506 loco

109 2576 230 2627 unmn
264 2553 521 2651 eumdemque
545 2552 713 2627 Cassirnn
744 2558 1084 2645 conmiemoratum
1108 2550 1257 2623 inveni·

109 2679 217 2764 rent,
260 2672 453 2769 duplicem
485 2679 523 2746 et
556 2672 669 2769 plane
700 2671 909 2769 oppositam
943 2670 1109 2744 inieurnt
1133 2669 1255 2743 inter-

109 2790 287 2889 pretandi
311 2790 433 2882 viam,
470 2814 557 2863 cum
582 2790 805 2880 sensissent,
847 2815 928 2863 non
952 2788 1120 2887 potuisse
1146 2811 1254 2860 ernn-

108 2910 197 2984 dem
222 2916 376 3007 poetam
401 2908 450 2981 ab
466 2907 624 2983 Horatio
649 2934 751 2983 nnnc
773 2910 919 2983 laudari
944 2912 1099 3007 propter
1116 2908 1255 3004 scripta

108 3028 296 3119 carmina,
334 3052 437 3102 mmo
469 3052 559 3101 cum
592 3028 770 3103 irrisione
795 3027 1037 3126 reprehendi.
1086 3026 1252 3100 Proinde

106 3147 192 3239 alii,
232 3146 298 3243 qui
332 3147 589 3248 intelligerent
628 3144 798 3223 Cassium
830 3148 1076 3222 Parmensem
1110 3144 1253 3218 exinde

106 3288 192 3341 osso
229 3264 444 3360 laudatum,
488 3267 693 3364 probattun
724 3267 896 3358 iverrnrt,
941 3265 1112 3338 Cassium
1137 3262 1252 3334 Etru·

104 3408 215 3459 scum
245 3384 403 3459 minme
436 3386 697 3484 vinrperatnm
731 3409 834 3473 esse3
879 3383 943 3457 alii
967 3389 1097 3456 contra
1124 3389 1253 3453 osten-

106 3504 200 3577 dere
226 3503 350 3577 conati
375 3512 485 3597 sunt,
521 3501 693 3579 Cassium
717 3505 960 3578 l’armonsem
992 3522 1147 3598 (proque
1172 3522 1252 3572 non

104 3632 186 3697 tam
218 3623 364 3697 laudari
397 3625 445 3697 ab
479 3622 638 3699 Horatio
672 3649 787 3721 <pram
818 3620 988 3713 irrideri,
1024 3627 1067 3693 ut
1092 3619 1164 3691 hac
1187 3639 1251 3689 ra·

103 3742 213 3817 tione
238 3741 489 3841 discrepantia
513 3742 708 3839 utriusque
733 3741 809 3817 leci
832 3740 1042 3815 tolleretur.

209 3858 353 3935 Prior-is
384 3860 484 3935 illius
518 3862 731 3935 sententiae
766 3861 798 3935 si
830 3886 909 3935 nou
952 3866 1105 3949 auctor,
1149 3862 1251 3931 certe

104 3980 256 4057 vindex
279 3989 319 4055 et
351 3979 505 4080 ingenio
531 3987 570 4055 et
602 3980 775 4055 doctrina
801 3978 1027 4077 praecipuus
1052 3977 1250 4052 habendus

104 4106 167 4175 est
188 4098 465 4193 Ruhnkenius,
490 4099 557 4197 qui
583 4100 632 4173 ad
657 4094 795 4198 Vellei.
822 4099 903 4173 Pat.
928 4097 1037 4173 Libr.
1058 4097 1109 4171 ll.
1136 4122 1170 4172 c.
1185 4099 1249 4172 88.

104 4227 138 4309 §-
167 4219 203 4293 l.
237 4220 288 4296 de
318 4218 464 4295 Homtii
498 4219 578 4295 Sat.
600 4218 653 4293 X.
679 4244 717 4294 v.
742 4219 807 4293 61.
840 4219 893 4293 ita
920 4219 1105 4316 disputat:
1139 4216 1251 4309 „Nec

104 4335 304 4415 Henna
326 4336 463 4433 loudI,
491 4362 611 4440 quam
632 4337 759 4415 altero
781 4337 865 4417 loco
889 4337 1027 4441 (Epist.
1045 4336 1114 4411 IV.
1139 4360 1178 4413 v·
1191 4332 1249 4426 ³.)
