2670 5294
427 658 478 709 or
504 661 541 710 ι.
559 660 685 713 vauro
712 662 859 715 roura.
1157 642 1209 719 53

35 864 43 869 -
183 818 357 893 Paulum
380 845 538 898 severae
560 827 683 901 Musa
706 824 934 922 mgoeutae

180 936 295 1013 Desit
318 938 509 1016 rhetris.-
534 969 653 1036 mon,
678 945 751 1020 uua·
771 944 951 1045 publium

240 1058 325 1133 Res
348 1057 575 1155 waimara,
596 1065 750 1158 grande
772 1089 919 1138 munus

303 1177 488 1278 europa
511 1195 660 1280 repetes
684 1182 889 1275 cothurno,

53 1318 102 1370 ea
127 1316 247 1369 nemo
270 1320 351 1370 non
374 1298 482 1373 videt
505 1300 682 1375 blandius
708 1324 731 1375 a
753 1301 950 1378 Venusino
982 1311 1098 1403 poeta
1122 1329 1207 1380 esse

54 1414 185 1507 dicta,
225 1438 352 1513 neque
383 1415 477 1490 iude
511 1419 607 1493 certi
640 1421 733 1519 quid
757 1421 881 1522 colligi
904 1447 1018 1520 posse
1042 1426 1092 1498 de
1116 1424 1206 1498 Pol-

54 1532 186 1625 lione,
219 1534 428 1608 multarum
453 1538 638 1636 scriptore
661 1541 955 1641 tragoefflamm.
1005 1541 1052 1617 Id
1076 1549 1207 1616 tamen

55 1651 178 1727 etiam
209 1650 274 1726 hic
304 1653 413 1727 locus
445 1655 576 1751 docet,
620 1656 730 1730 illum
753 1659 883 1734 vinum
907 1661 1007 1759 apud
1030 1661 1207 1760 aequales

55 1770 188 1869 poesis
213 1771 379 1872 tragicae
403 1773 517 1849 laude
541 1772 783 1871 donasset).
841 1776 945 1853 Haec
970 1786 1096 1853 autem
1122 1775 1207 1852 Oda

55 1888 182 1965 serius
225 1890 368 1989 scripta
406 1900 486 1985 est,
528 1916 643 1991 quam
683 1892 811 1968 Satira
844 1896 1010 1988 decima,
1046 1921 1100 1971 ex
1131 1921 1207 1995 qua

57 2008 263 2101 discimus,
302 2009 541 2086 Frmdanium
577 2013 783 2086 comoediis
816 2022 857 2087 et
890 2015 1104 2091 Pollionem
1128 2025 1207 2089 tra·

56 2127 205 2226 goediis
229 2124 308 2228 jam
331 2152 434 2204 anno
458 2129 504 2204 U.
524 2128 567 2204 G.
582 2131 673 2207 723.
698 2150 842 2207 nomen
866 2140 906 2208 et
930 2135 1092 2235 gloriam
1116 2135 1206 2208 ade-

56 2254 146 2343 ptos
171 2270 270 2322 esse.
327 2248 381 2321 At
405 2249 510 2324 idem
533 2251 641 2325 locus
666 2251 869 2350 perspicue
892 2278 966 2327 nos
990 2254 1122 2347 docet,
1157 2253 1204 2324 L.

57 2364 216 2441 Varium
245 2366 311 2442 illo
343 2374 517 2467 tempore
548 2368 665 2467 epicis
697 2378 849 2444 tautum
874 2371 1127 2465 carminibus,
1168 2378 1207 2444 et

57 2481 260 2585 Virgilium
282 2509 362 2560 non
379 2487 456 2560 nisi
471 2486 655 2563 bucolicis
673 2489 751 2562 suis
769 2490 956 2588 poematis
972 2489 1205 2564 inclaruisse.

134 2602 412 2699 Quaerentibus
428 2606 554 2701 nobis,
581 2607 834 2682 crnHoratius
845 2615 1007 2705 qrratuor
1018 2607 1104 2682 illos
1111 2631 1206 2704 poe·

55 2729 113 2797 tas
131 2744 194 2817 eo,
221 2749 299 2823 quo
313 2723 495 2826 legimru,
522 2726 657 2801 ordine
682 2724 1053 2819 commemoraverit,
1080 2726 1207 2800 diver·

54 2866 121 2917 sae
153 2843 365 2945 excogitari
390 2850 552 2942 possrmt
575 2844 746 2920 rationes
769 2850 808 2918 et
834 2867 1002 2918 caussae.
1051 2842 1207 2916 Poterat

55 2962 162 3037 enim
182 2971 252 3035 aut
266 2962 458 3064 dignitatis
475 2972 542 3037 aut
566 2963 701 3039 aetatis
726 2963 775 3035 ab
802 2985 849 3036 eo
868 2961 1000 3036 haberi
1020 2962 1137 3036 ratio:
1163 2967 1207 3033 ut

55 3079 181 3157 Pollio
206 3080 268 3156 vir
293 3082 504 3157 comunis
531 3092 571 3157 et
594 3084 711 3159 rebus
739 3082 782 3156 in
808 3082 911 3156 bello
926 3081 1041 3183 gestis
1068 3083 1204 3174 clarus,

54 3199 107 3276 ita
131 3197 296 3276 sortasse
321 3201 436 3288 etiam
459 3201 702 3292 Fundanius3
733 3208 867 3275 contra
890 3199 1028 3274 Varius
1055 3208 1095 3276 et
1121 3200 1206 3274 Vir-

55 3320 170 3422 gilius
194 3320 372 3395 homines
397 3329 508 3395 erant
532 3319 685 3419 privati.
744 3319 826 3393 Sed
848 3319 977 3418 potior
1000 3319 1116 3412 mihi,
1148 3317 1207 3391 fa·

55 3446 164 3535 teor,
199 3438 353 3514 videtur
386 3441 482 3517 ratio
510 3439 668 3532 aetatis,
704 3462 778 3537 qua
803 3437 1048 3538 grandiorem
1072 3461 1207 3535 quem-

57 3580 134 3655 que
159 3558 422 3655 praeposuerit
445 3557 608 3659 jruriori:
642 3581 716 3656 (pra
749 3556 962 3655 suspicione
996 3557 1207 3655 qualiorun-

59 3699 134 3774 que
169 3676 419 3777 conlimatur
461 3679 521 3772 id,
564 3677 670 3783 quod
704 3699 821 3774 supra
851 3683 882 3763 §.
912 3670 950 3745 5.
986 3675 1089 3767 dixi,
1133 3672 1208 3746 Va·

61 3794 159 3869 rium
195 3793 359 3897 Virgilio
400 3795 517 3871 fluisse
557 3804 650 3871 natu
693 3790 881 3894 majorem
924 3800 964 3865 et
996 3792 1208 3868 Pollionem

60 3911 185 3989 Vario·
236 3912 372 4014 Itaque
396 3913 568 3991 fortassis
585 3913 806 3990 Fundaniam
831 3935 983 4012 quoque
996 3908 1209 3984 Pollionem

62 4038 181 4107 aetate
205 4034 423 4109 antecessit.

160 4147 242 4226 Sed
274 4152 370 4227 haec
404 4153 626 4229 mittamus:
669 4153 710 4226 id
743 4155 871 4226 autem
905 4147 947 4220 in
980 4151 1110 4244 aperto
1137 4148 1207 4235 est,

55 4277 214 4370 poetam
237 4268 491 4348 Mantuanum
515 4273 582 4346 illo
607 4296 709 4347 anno
735 4293 816 4343 non
832 4266 909 4339 nisi
925 4264 1075 4367 Eulogis
1095 4263 1208 4337 inno·

55 4390 196 4485 unse,
222 4391 392 4467 necdum
416 4390 608 4468 Aeneidos
633 4386 856 4467 scribendae
874 4385 1075 4460 consilium
1089 4381 1208 4457 firisse

51 4510 301 4612 erudguurm
341 4511 513 4613 alioquin
544 4510 727 4596 Horatius
759 4501 843 4610 ejus
883 4504 1120 4581 montionem
1153 4500 1209 4575 fe·

143 4751 207 4833 44)
230 4748 404 4816 &uum
423 4750 463 4817 le
484 4752 546 4815 ill⁰u
565 4746 688 4830 Virgilii
708 4745 880 4825 Horatiique
899 4746 973 4808 locis
992 4741 1116 4802 Excurs.
1131 4729 1186 4792 111.
