2670 5294
447 257 497 307 ne
524 257 661 307 cessio
689 258 910 309 PARMEMI·
1184 243 1260 317 233

106 415 240 493 Udam
267 417 352 513 33.,
377 442 478 517 quae
507 426 547 493 et
570 419 654 519 ipsa
678 394 793 522 vulgo
818 429 971 520 pntabir
996 434 1151 501 exarata
1176 451 1261 504 esse

106 538 259 613 circiter
282 562 317 639 a.
346 539 393 612 U.
419 537 463 613 G.
490 540 579 613 723.
638 539 691 612 At
716 564 803 614 cum
830 542 1007 618 Tibullus
1032 547 1080 618 ab
1102 546 1261 623 Horatio

105 655 149 728 in
175 654 284 729 Libri
302 655 335 729 1.
364 654 490 730 Satira
523 658 691 752 decima,
732 684 847 758 (pram
874 686 963 736 cum
987 660 1160 761 Spohnio
1186 675 1261 739 sta-

108 775 255 871 toirnus
280 775 421 849 editam
447 798 532 851 esse
558 800 660 851 anno
685 778 732 850 U.
758 777 800 852 G.
828 783 917 854 723.
944 789 1135 871 exeunte,
1162 809 1286 870 nona

110 893 206 966 drnn
230 894 331 967 inter
362 894 505 970 euneos
540 904 580 969 et
612 919 757 994 aequm
783 897 1165 999 Satirarum-judices
1189 928 1262 976 nu·

108 1020 297 1106 meretur,
324 1013 481 1088 evidens
506 1022 566 1089 est
591 1038 636 1089 ac
662 1024 829 1109 certrnn,
855 1041 984 1117 neque
1005 1018 1129 1094 Odam
1141 1021 1259 1118 illam,

110 1134 256 1206 nedum
286 1130 518 1230 Epistolam,
562 1133 605 1206 in
637 1154 714 1232 qua
750 1135 924 1210 Tibullus
951 1139 1146 1214 condidus
1171 1145 1261 1213 Ser-

109 1276 273 1325 raonem
298 1252 428 1346 judex
462 1252 693 1351 appelletur,
736 1262 825 1328 ante
858 1279 1000 1329 armum
1025 1258 1071 1330 U.
1099 1257 1141 1332 G.
1171 1260 1261 1334 724.

109 1370 283 1468 potuim
308 1371 499 1467 componi.
551 1370 744 1471 Tempus,
771 1399 847 1472 quo
872 1374 1052 1450 Horatius
1078 1400 1165 1451 cum
1192 1379 1262 1450 Ti-

109 1489 216 1564 bullo
253 1488 487 1575 familiariter
527 1487 640 1565 buerit
675 1489 922 1590 conjunctus,
968 1503 1073 1569 certo
1114 1495 1262 1570 deliniri

109 1608 256 1706 nequit.
306 1607 465 1683 Jahnius
490 1609 532 1682 in
557 1609 691 1687 Annal.
717 1611 853 1685 Philol.
871 1620 910 1686 et
925 1612 1084 1714 Paedag.
1111 1614 1260 1688 Volll.

111 1730 149 1803 2.
174 1755 216 1828 p.
238 1729 328 1802 410.
362 1729 552 1826 probabili
584 1730 732 1804 ratione
759 1739 908 1823 cernet,
943 1732 1029 1806 illos
1055 1732 1262 1809 familiares

111 1870 198 1922 esse
223 1846 341 1923 factos
367 1847 519 1921 circiter
543 1871 578 1921 a.
602 1849 648 1921 U.
674 1848 717 1924 G.
743 1853 832 1923 727.
895 1849 992 1924 Cum
1020 1859 1149 1927 antem
1176 1852 1261 1927 Oda

111 1966 175 2040 illa
215 1973 255 2041 et
286 1964 458 2065 Epistola
496 1990 688 2041 summum
731 1969 876 2066 spirent
910 1993 1098 2064 amorem,
1141 1980 1262 2047 artam

111 2085 329 2159 arrimomm
352 2086 675 2162 necessitudinem
701 2095 816 2184 atque
848 2086 1024 2162 intimum
1049 2092 1262 2166 studiorum

112 2206 431 2302 voluntatumque
478 2228 727 2300 consensrun,
774 2206 1022 2303 scriptionem
1063 2209 1263 2305 utriusque

112 2324 294 2399 camenis
327 2325 377 2397 ad
409 2323 570 2399 seriores
605 2349 723 2398 arrnos
750 2320 993 2423 rejiciendam
1021 2349 1104 2398 esse
1128 2326 1262 2424 liquet.

109 2442 161 2516 ln
187 2440 273 2517 oda
297 2444 480 2518 admonet
513 2443 692 2517 Horatius
723 2443 910 2535 arnicum,
944 2450 989 2515 ut
1013 2426 1063 2517 ne
1088 2444 1176 2542 plus
1200 2445 1263 2518 ni·

111 2562 196 2638 mio
221 2562 351 2636 doleat
383 2586 533 2637 memor
563 2562 719 2636 immitis
744 2560 933 2657 Glycerae
964 2585 1064 2636 neve
1090 2565 1264 2637 decantet

112 2681 245 2782 elegos
269 2682 517 2756 miserabiles.
569 2680 656 2755 lem
682 2705 770 2756 cum
795 2680 946 2753 nullum
965 2682 1176 2755 carminum
1193 2683 1264 2756 Ti-

112 2799 375 2875 bulliauorum
407 2800 522 2875 hodie
555 2800 738 2899 supersit,
773 2799 814 2872 in
849 2826 926 2897 quo
954 2798 1119 2896 Glycera
1145 2826 1264 2900 ‹puae-

113 2921 206 2995 dam
238 2926 492 3010 memoratum
529 2917 721 3017 Spohnius
755 2918 797 2991 in
821 2919 1009 3017 Disputat.
1036 2921 1084 2992 de
1107 2920 1161 2996 A.
1193 2920 1264 2996 Ti·

113 3038 214 3114 betti
237 3038 319 3116 Vit.
345 3049 384 3111 et
409 3039 540 3115 Germ.
568 3036 656 3136 Gap.
674 3036 725 3109 11.
752 3064 791 3136 p.
809 3033 871 3112 50.
900 3045 939 3113 et
965 3037 1056 3137 Gap.
1074 3038 1122 3112 V.
1148 3040 1263 3138 pata

112 3182 200 3257 sqq.
225 3159 389 3257 probare
414 3159 560 3253 studet,
594 3156 800 3252 Glyceram
825 3158 927 3256 apud
953 3157 1155 3232 Horatium
1180 3183 1263 3234 esse

111 3276 265 3353 Deliam
298 3276 465 3369 TibuUi,
497 3300 597 3375 quae
629 3284 777 3351 mutato
808 3276 965 3349 nomine
1000 3301 1102 3350 nune
1126 3277 1264 3352 Ncme-

112 3397 168 3471 εἰς
192 3420 298 3470 nunc
322 3393 467 3471 Neaera
500 3396 687 3494 appellata
711 3394 838 3469 fuerit.
899 3391 1092 3490 Spohnius
1119 3396 1166 3467 ab
1192 3397 1264 3472 hac

113 3511 337 3615 conjectura
362 3538 585 3615 progressus
610 3513 817 3590 verisimile
842 3512 990 3605 reddit,
1019 3510 1142 3586 Odam
1156 3515 1263 3588 illam

113 3642 157 3710 et
180 3632 390 3733 Epistulam
419 3634 566 3708 Horatii
598 3633 750 3707 interno
783 3632 950 3728 quodam
981 3655 1112 3705 rerum
1140 3634 1265 3707 consi·

112 3754 235 3851 liique
258 3752 415 3827 vinctilo
442 3775 634 3827 connexas
661 3773 744 3825 esse
769 3757 809 3824 et
831 3750 931 3824 inter
956 3773 998 3823 se
1025 3758 1143 3848 aptas.
1196 3753 1266 3826 Ti·

113 3872 245 3952 bullus
286 3895 339 3947 ex
371 3872 614 3971 expeditione
652 3870 781 3944 redux
819 3875 1077 3966 compererat,
1117 3870 1266 3948 Deliam

115 3990 181 4065 alii
204 3991 395 4089 nupsisse.
446 3992 505 4066 De
529 3989 695 4064 Neaerae
720 3988 746 4060 i.
766 4010 801 4061 c.
828 3987 961 4062 Deliae
987 3987 1144 4086 perfidia
1169 4017 1265 4090 ‹pre-

114 4118 200 4185 sun
225 4116 284 4185 est
308 4109 418 4185 Libri
432 4109 504 4183 IIl.
529 4109 661 4210 Elegia
686 4107 870 4201 secunda,
899 4106 940 4180 in
956 4132 1033 4206 qua
1050 4132 1092 4183 se
1107 4107 1266 4185 ferendo

115 4228 182 4303 isti
206 4228 332 4304 dolori
362 4230 552 4329 imparem
583 4226 804 4320 confitetur,
847 4228 1087 4324 etquamvis
1115 4228 1266 4328 ipsese

116 4370 412 4459 nonnumquam
462 4348 513 4424 ad
555 4347 787 4425 bilaritatem
827 4344 1034 4444 excitaret,
1082 4353 1125 4420 ut
1166 4342 1267 4420 canit

1261 4488 1287 4576 l
