2670 5294
169 692 248 768 330
523 713 575 765 us
601 712 738 766 cessio
763 713 985 765 risurum.

169 885 363 968 natorem3
396 898 419 952 u
444 873 629 951 Gioerone
653 875 843 977 egregiam
875 898 1035 976 operam
1060 876 1183 955 Bruto
1205 902 1296 980 prae·

168 998 297 1073 stitam
322 1019 405 1070 esse
428 995 468 1067 iu
487 995 603 1068 rebus
620 1018 801 1093 prospere
824 995 1024 1095 gerendis,
1051 1005 1212 1073 mauu
1226 999 1297 1073 Plu·

168 1115 321 1189 tarohus
345 1114 386 1188 iu
407 1113 517 1186 Brut.
539 1136 572 1187 o.
589 1113 653 1187 26.
703 1110 754 1186 Et
778 1134 876 1210 quiae
899 1110 1229 1190 Pseudo-smus
1247 1117 1297 1191 ille

168 1234 277 1307 Lihr.
291 1232 343 1305 II.
369 1231 439 1331 Ep.
455 1233 492 1305 3.
519 1229 695 1305 Ciooroni
718 1230 819 1329 patri
836 1230 986 1306 scribite
1011 1231 1191 1327 „Cioero,
1214 1233 1296 1307 lilius

168 1360 275 1443 tuus,
302 1350 356 1423 sic
372 1347 467 1422 mihi
492 1371 534 1423 se
551 1347 690 1446 probat
705 1347 913 1440 industria,
938 1348 1144 1448 patientia,
1172 1353 1297 1447 labore,
1331 1364 1333 1369 '

167 1468 285 1543 aniud
308 1467 587 1567 magnitudine,
621 1466 727 1542 omui
760 1464 929 1565 denique
952 1466 1101 1563 officio,
1138 1478 1183 1545 ut
1205 1494 1298 1571 pror·

166 1609 231 1659 sus
255 1607 451 1682 uuntpram
477 1583 668 1659 dimittere
690 1584 867 1660 videatur
887 1584 1182 1685 cogitationem,
1206 1585 1297 1688 mim

167 1703 216 1777 sit
248 1700 360 1776 filius.
428 1702 511 1795 Qua
543 1724 607 1796 re,
648 1703 828 1801 quonim
862 1700 1014 1778 officere
1038 1728 1123 1778 non
1146 1730 1296 1805 possum

167 1829 210 1894 ut
233 1819 353 1919 pluris
376 1818 493 1893 facias
518 1844 627 1914 eum,
662 1819 730 1917 qui
762 1818 833 1894 tihi
855 1830 916 1895 est
940 1821 1184 1919 carissimus,
1216 1824 1296 1898 illud

167 1939 294 2014 tribue
325 1934 468 2037 judicio
503 1960 611 2033 meo,
649 1944 693 2013 ut
724 1937 795 2012 tihi
825 1939 1075 2037 persuadeas,
1121 1966 1202 2017 nou
1227 1940 1295 2017 lore

166 2056 223 2129 illi
255 2057 491 2130 obruendum
523 2055 643 2158 gloria
676 2063 765 2150 hia,
805 2062 850 2130 ut
881 2055 1113 2155 adipiseetur
1146 2058 1293 2135 honores

167 2180 343 2271 paternos
351 2176 390 2245 =“
420 2196 466 2248 ea
498 2174 600 2249 haud
634 2174 750 2249 dubie
783 2196 837 2249 ex
867 2176 1005 2250 eodem
1039 2174 1179 2251 heusta
1204 2175 1291 2251 fonte

166 2299 207 2365 et
241 2291 509 2367 declamatorio
543 2298 695 2366 tantum
727 2292 828 2388 stylo
852 2300 1040 2368 exornata
1063 2301 1176 2391 umt,
1206 2295 1290 2369 mue

165 2408 379 2508 proleoerat
411 2409 636 2485 Plutarchus
669 2411 719 2486 de
751 2410 858 2488 Brut.
892 2432 927 2485 o.
953 2412 1017 2487 24.
1049 2436 1222 2489 narransz
1245 2414 1289 2483 ul

164 2522 225 2605 τὸς
250 2523 467 2606 σχολάζοντας
490 2519 561 2593 ἀπὸ
577 2519 705 2612 Ῥώμης
731 2523 767 2592 ἐν
792 2518 887 2593 doust
918 2525 995 2604 νέες
1024 2523 1227 2613 ἀνελάμβανε
1244 2524 1287 2591 καὶ

166 2614 321 2710 ουνεῖχεν.
366 2616 427 2691 Ὧν
445 2619 485 2716 ἦν
503 2626 560 2693 καὶ
582 2626 775 2716 Κικέρωνος
797 2625 883 2706 υἱὸς,
915 2618 954 2693 th
977 2626 1107 2695 ἐπαινεῖ
1131 2623 1286 2717 δνοφεράν

163 2754 249 2809 τως,
286 2724 344 2796 καί
363 2751 482 2817 φησιν,
513 2722 571 2795 ai'u'
590 2727 783 2818 ἐγρήγορεν,
813 2724 870 2797 ai'c’
894 2726 1144 2811 ἐνυπνιάζεται,
1170 2725 1284 2815 enupt-

166 2832 233 2916 ζειν
250 2828 338 2900 οὕτω
355 2834 503 2920 γενναῖον
521 2822 601 2897 ὄντα
620 2829 677 2897 καὶ
694 2827 943 2921 μισοτύραννον.

265 3004 466 3081 Horatium
484 3011 522 3079 et
542 3002 764 3078 Cieerouem
782 3025 984 3078 commune
1000 3000 1288 3077 Triumviromn

163 3124 294 3199 odium
328 3132 368 3197 ot
398 3122 449 3195 M.
474 3123 583 3195 Bruti
613 3131 734 3196 castra
765 3147 843 3197 non
884 3117 1023 3222 majori
1056 3120 1288 3195 familiaritate

164 3238 407 3341 oonjrmxisse
434 3242 628 3334 videntur,
662 3264 780 3338 quam
804 3238 1020 3315 eommunia
1044 3238 1288 3339 philosophiae

162 3360 308 3452 stmlia,
352 3361 393 3433 in
422 3383 522 3459 ‹puae
548 3359 703 3434 Athenis
728 3360 874 3435 eisdem
897 3358 957 3433 usi
981 3358 1176 3458 magistris
1198 3359 1289 3431 irrui·

161 3479 335 3551 buerant.
386 3477 457 3553 Ille
483 3502 572 3552 eum
597 3479 832 3576 pedestribus
857 3477 996 3576 oopiis,
1033 3476 1100 3551 hio
1123 3471 1289 3576 equitati

160 3604 376 3695 praeesset,
418 3620 468 3671 ue
499 3597 793 3672 contubernium
825 3597 984 3696 quidem
1006 3594 1109 3669 inter
1132 3619 1201 3671 eos
1221 3614 1290 3668 esse

159 3722 322 3815 poterat.
372 3714 423 3789 Et
448 3738 537 3791 etim
562 3715 645 3792 veri
670 3716 876 3792 admodum
901 3713 1026 3791 simile
1049 3713 1126 3808 sit,
1152 3711 1288 3788 Gieero·

160 3857 251 3909 nem
275 3857 486 3933 numquam
511 3834 639 3908 animo
666 3834 854 3910 dimisisse
878 3832 1175 3932 cogitationem,
1199 3823 1287 3928 cuitu

160 3959 262 4026 esset
293 3950 412 4042 lilius3
453 3976 476 4027 a
509 3976 602 4028 vero
636 3951 795 4027 minime
829 3948 1030 4043 abhorret,
1064 3972 1158 4026 eum
1189 3946 1284 4022 hriste

160 4069 263 4144 inter
286 4094 373 4164 eos,
399 4095 497 4169 quos
523 4069 641 4169 earpit
663 4069 843 4147 lior-athis
866 4070 915 4144 ed
929 4064 1189 4145 Maeeenatem
1212 4061 1283 4140 sni·

159 4189 256 4264 bens
280 4187 389 4264 Lihr.
406 4188 438 4264 1.
465 4188 546 4264 sat.
565 4190 603 4263 o.
630 4212 667 4264 v.
685 4188 873 4288 45.u1q.=
1330 4166 1333 4185 ¹

212 4307 328 4384 Nemee
353 4310 410 4383 ad
431 4334 495 4382 me
519 4309 634 4383 redeo
659 4305 840 4382 libertino
858 4319 978 4408 patre
1000 4318 1159 4399 mum,

214 4428 337 4519 ouem
360 4429 508 4503 rodunt
533 4451 665 4502 omnes
690 4424 871 4502 hhmtiuo
889 4437 1010 4528 putre
1033 4436 1197 4515 nutum

211 4544 350 4639 Nunc,
385 4547 479 4649 pusii
511 4546 597 4627 etin·
623 4545 713 4640 tihi,
745 4548 977 4684 Musonius,
1012 4542 1278 4634 oouuidom

216 4784 331 4881 ρον
353 4784 455 4861 οῖον
476 4796 634 4888 parere
659 4668 972 4883 sodidum
995 4780 1168 4859 maso.
1316 4806 1331 5259 ρ
