2670 5294
466 291 514 339 on
542 291 677 341 cnssro
706 290 926 341 nanetensi.
1198 264 1272 339 261

124 460 222 527 erat.
283 448 348 527 Sic
378 449 582 527 hibernum
615 460 764 551 tempus
797 454 928 555 legatis
967 452 1068 525 ultro
1101 450 1274 551 citroque

123 572 320 646 mittendis
360 578 401 645 et
443 571 545 645 bello
589 574 805 671 apparando
847 578 1078 646 transactum
1119 578 1178 645 est
1219 583 1271 663 et,
1309 610 1314 623 ·

124 690 287 765 simulac
320 714 392 765 ver
423 697 638 789 appeteret,
683 690 919 766 Octavianus
949 716 1025 789 per
1053 688 1208 785 Syriam
1233 696 1272 763 et

126 810 248 885 duces
280 806 362 909 ejus
386 832 458 907 per
480 807 650 883 Africam
674 818 807 884 contra
834 810 885 884 M.
909 810 1114 883 Antonirun
1138 834 1272 885 move-

126 937 221 1003 runt
245 936 287 1003 et
310 928 504 1026 utrinuquc
529 928 798 1002 Alexandriam
823 930 987 1029 aggressi
1013 935 1114 1002 sant.

229 1047 318 1125 Jam
351 1047 385 1121 si
416 1070 555 1123 verram
589 1055 710 1138 esset,
755 1050 861 1143 quod
894 1048 1167 1147 Wesselingius
1198 1072 1271 1146 pro

127 1174 233 1241 certo
254 1166 387 1263 ponit,
413 1165 584 1239 Cassium
604 1162 849 1239 Palmensem
869 1168 1035 1241 occisum
1053 1191 1156 1261 esse,
1184 1192 1272 1241 ornn

128 1282 360 1359 Octavianus
384 1292 469 1383 post
496 1307 660 1383 pugnam
684 1282 879 1358 Actiacam
905 1287 1070 1360 Athenas
1090 1285 1271 1378 venisset,

122 1402 165 1479 in
191 1404 396 1477 manifesto
429 1403 608 1501 turpique
642 1424 774 1475 errore
807 1404 1155 1499 deprehenderetur
1179 1403 1272 1477 Vel-

119 1520 224 1623 lejus
267 1520 506 1613 Paterculus,
556 1521 745 1619 siquidem
783 1545 916 1596 rerum
954 1530 1037 1595 tum
1079 1530 1273 1622 gestarum

115 1644 248 1734 ordo,
291 1664 407 1737 quem
441 1640 644 1736 scriptores
676 1638 751 1715 fide
784 1641 1024 1741 dignissimos
1059 1642 1179 1715 secuti
1204 1664 1274 1714 ex-

108 1759 349 1859 posuimus,
395 1759 527 1849 docet,
570 1756 614 1830 P.
649 1757 865 1834 'l'urullirnn
900 1784 953 1834 ex
986 1760 1078 1835 erii
1105 1759 1275 1834 Caesaris

106 1877 416 1977 percussoribus
457 1876 575 1949 fuisse
608 1878 808 1973 ultimum,
851 1880 917 1978 qui
959 1888 1085 1955 morte
1126 1902 1272 1977 poenas

106 1997 385 2097 persolvisset.
437 1996 581 2068 Verrun
598 2002 726 2070 tamen
742 2000 944 2095 ‹lisputatio
961 1998 1273 2098 Wesselingiana,

111 2115 304 2215 quamvis
330 2114 424 2188 scite
450 2115 660 2213 excogitata
680 2124 720 2189 et
735 2117 921 2191 subtiliter
938 2119 1169 2209 condonata,
1194 2114 1274 2215 jam

113 2236 230 2333 apud
254 2232 532 2307 Ruhnkenium
556 2235 605 2307 ad
631 2232 765 2335 l³elleji
789 2236 933 2310 Paterc.
963 2234 1068 2308 Lihr.
1086 2235 1137 2307 Il.
1165 2260 1198 2308 c.
1209 2236 1273 2307 88.

116 2362 158 2441 ς.
177 2355 217 2425 l.
240 2377 322 2425 non
346 2376 434 2425 eam
458 2352 591 2426 hahuit
622 2354 721 2445 vim,
757 2363 800 2427 ut
838 2352 971 2452 Velleji
995 2355 1112 2427 tidem
1135 2354 1177 2425 in
1202 2354 1275 2425 du·

125 2470 240 2545 bium
262 2473 471 2548 iracundam
496 2479 658 2569 putaret.
710 2472 843 2567 Neque
867 2469 1021 2571 injuria!
1047 2472 1144 2545 Nam
1169 2472 1274 2569 quod

127 2586 398 2691 Wesseliugius
413 2592 550 2683 sumit,
578 2590 751 2665 Cassium
766 2592 1021 2685 l'armensem,
1048 2590 1274 2665 adveniente

138 2702 363 2802 Octaviano,
402 2710 563 2783 Athenis
597 2705 676 2809 jam
708 2710 844 2804 luisse,
886 2710 926 2783 id
963 2710 1048 2785 veri
1082 2717 1142 2783 est
1166 2708 1273 2783 dissi-

142 2826 334 2901 millimum
367 2850 413 2901 ac
445 2829 643 2926 permultis
676 2828 800 2903 refelli
833 2838 976 2927 potest,
1013 2852 1113 2926 quae
1137 2852 1274 2926 ‹pararn-

147 2944 198 3019 vis
220 2954 257 3021 et
280 2948 364 3046 ipsa
387 2947 622 3043 anquirenda
649 2947 724 3020 sint
751 2945 893 3021 fallacis
920 2943 1160 3045 conjecturae
1186 2971 1272 3045 ope,

146 3064 262 3139 tamen
294 3067 416 3141 mrdto
449 3062 636 3166 majorem
669 3067 812 3143 hahere
851 3067 1052 3143 videantru·
1092 3064 1274 3166 prohabi-

135 3174 286 3259 litatem.

235 3304 405 3379 Primum
439 3328 517 3379 non
552 3312 611 3379 est
643 3306 844 3399 credibile,
887 3305 1058 3379 Cassium
1091 3304 1275 3376 Pannen-

130 3434 233 3515 flem,
280 3424 396 3523 partis
440 3422 674 3499 Antonianae
714 3424 950 3524 principibus
997 3429 1085 3522 post
1127 3421 1275 3493 cladem

125 3526 324 3617 Actiacam
364 3542 405 3615 in
447 3544 615 3617 diversas
655 3545 829 3645 regiones
870 3542 1119 3643 firgientihus,
1168 3544 1275 3612 recta

119 3640 302 3735 Athenas
326 3662 577 3735 contendisse.
629 3662 674 3735 In
698 3671 803 3737 tanta
818 3662 1069 3759 trepidatione
1086 3658 1276 3733 omnium·

118 3778 210 3855 ‘1¹¹0
242 3804 385 3881 pavore
419 3781 661 3855 verisimilius
696 3789 752 3856 est
785 3806 875 3855 erun
910 3778 951 3851 in
984 3779 1110 3854 vicina
1149 3777 1277 3873 aliqua

111 3884 229 3974 Ἧι)
253 3898 471 3999 perfugium
496 3899 568 3973 sihi
598 3900 876 3998 latihrdumque
909 3898 1150 3996 quaesivisse.
1201 3895 1276 3971 Ne·

112 4010 209 4089 “lue
233 4042 259 4093 a
283 4042 378 4095 vero
403 4018 603 4111 abhorret,
633 4042 724 4093 eum
749 4018 872 4093 exiis
897 4018 1031 4109 luisse,
1067 4017 1154 4116 qui,
1188 4042 1277 4091 curn

109 4126 179 4253 ⁸}
216 4162 347 4239 pugna
379 4139 429 4211 ad
462 4137 667 4213 Antoniana
693 4137 859 4212 Taenari
891 4145 1190 4211 commorantem
1214 4136 1277 4209 fu·

109 4244 296 4351 3¹⁸sent,
335 4258 385 4331 ab
419 4282 467 4331 eo
501 4280 641 4333 navem
674 4257 887 4355 acciperent
920 4280 1059 4355 magna
1092 4253 1275 4354 pecuniae

109 4355 171 4437 ἢ
205 4384 250 4454 et
281 4374 513 4477 supellectile
546 4374 650 4477 regia
675 4384 871 4473 onustam,
906 4400 951 4452 ac
983 4371 1206 4477 jrdrcrenuu
1230 4392 1277 4443 ea
