2670 5294
463 671 514 723 ns
540 672 577 723 s.
593 672 722 725 vasso
749 672 895 726 roera.
926 676 929 681 ·
1196 648 1246 733 ²5

89 836 183 914 Hoc
207 842 338 913 autem
362 837 433 915 vix
456 835 542 915 lieri
566 844 718 938 poterat
743 846 831 913 ante
856 861 892 914 a.
910 839 953 913 U.
975 836 1018 915 G.
1032 839 1143 935 m,
1169 866 1248 939 quo

89 972 204 1035 anno
240 958 396 1033 demumr
418 958 564 1053 Pollio,
601 956 748 1033 Galliae
775 957 987 1057 Cisalpinae
1020 958 1247 1058 praefectus,

89 1076 304 1179 Virgilium
325 1077 538 1176 patrocinio
563 1102 634 1153 suo
659 1087 699 1153 et
729 1101 861 1151 amore
886 1078 1106 1175 complecti,
1138 1102 1248 1153 essm·

89 1219 174 1297 que
207 1196 259 1271 ad
291 1198 494 1273 scribenda
524 1198 689 1273 bucolici
722 1197 871 1299 generis
897 1197 1065 1273 carmina
1087 1196 1248 1272 incitare

89 1315 228 1414 coepit
241 1314 298 1413 ²⁰).
367 1316 426 1391 Ab
466 1340 515 1392 eo
547 1317 640 1392 inde
671 1323 846 1415 tempore
879 1315 1017 1391 Varius
1052 1325 1093 1392 et
1128 1317 1249 1392 Cinna

89 1432 322 1535 Virgilium,
365 1444 478 1511 antea
510 1436 584 1511 sibi
617 1437 872 1538 incognitum,
915 1443 1074 1535 propter
1103 1435 1248 1538 ingenii

89 1552 295 1651 animique
318 1555 479 1631 virtutes
505 1555 726 1631 familiarius
746 1563 927 1630 mactasse
944 1580 1127 1655 eumque,
1152 1581 1249 1655 poe-

89 1678 180 1747 tam
196 1672 321 1747 adhuc
334 1670 527 1776 juvenem,
553 1676 613 1749 sui
628 1674 782 1776 ingenii,
810 1675 1005 1755 (leoninae
1021 1682 1060 1750 et
1074 1698 1247 1776 maguae,

89 1815 221 1891 quam
249 1792 324 1865 sibi
357 1795 586 1869 carminibus
620 1792 700 1895 jam
728 1800 977 1892 pepererant,
1012 1795 1154 1895 gloriae
1178 1794 1248 1868 ad-

89 1911 305 1987 miratione
328 1912 548 2012 implevisse
572 1914 773 2008 videntia,
815 1913 869 1986 ita
903 1920 949 1987 ut
978 1913 1045 1987 ille
1070 1937 1105 1987 a.
1130 1912 1177 1986 U.
1204 1912 1246 1988 0.

91 2032 213 2126 714„
254 2056 331 2131 quo
362 2055 465 2107 anno
490 2032 671 2135 Eclogam
686 2033 756 2107 IX.
784 2031 957 2130 scripsit,
992 2039 1071 2135 tam
1095 2014 1271 2106 eximiis

93 2174 168 2227 eos
200 2159 358 2226 ornaret
388 2153 578 2228 laudibus.
646 2152 764 2253 Atqui
798 2151 841 2225 in
873 2151 948 2227 boc
979 2151 1065 2251 ipso
1098 2151 1248 2253 Virgilii

96 2270 189 2345 loco
214 2294 295 2345 non
321 2278 402 2345 tam
425 2271 689 2347 familiaritatis
714 2281 754 2347 et
778 2271 1011 2369 aequalitatis
1030 2272 1248 2365 blanditias,

96 2412 218 2487 quam
253 2390 492 2467 reverentiae
525 2400 564 2467 et
598 2391 855 2466 admirationis
889 2391 1102 2465 modestam
1135 2391 1250 2491 signi·

97 2506 318 2585 ficationem
350 2510 517 2586 invenio.
585 2511 676 2604 Qrsis
709 2511 812 2585 enim
845 2516 925 2603 est,
970 2510 1062 2608 quin
1096 2509 1249 2602 sentiat,

98 2636 225 2722 tanta,
263 2636 405 2727 quanta
430 2627 614 2731 Virgilius
645 2629 734 2704 h.l
765 2632 813 2703 de
838 2627 956 2702 Vario
982 2634 1021 2703 et
1046 2627 1167 2702 Cinna
1191 2627 1249 2701 lo-

98 2755 259 2847 quatur,
299 2749 488 2823 modestia
522 2757 562 2824 et
594 2748 838 2824 observantia
868 2774 949 2822 non
978 2746 1091 2821 facile
1123 2745 1250 2820 solere

101 2868 301 2966 seqrsalem
340 2868 390 2942 de
424 2869 574 2966 capiuli
611 2875 651 2944 et
683 2867 849 2941 amicum
890 2866 939 2959 de
972 2864 1096 2939 amico
1130 2863 1249 2961 loqui,

103 2987 171 3061 sed
214 3009 324 3079 eum,
367 2987 434 3087 qui
465 3010 556 3062 suae
584 2984 791 3090 iuventatis
818 2986 989 3061 conscius
1014 3006 1060 3059 ac
1084 2982 1251 3057 tenuita-

107 3104 154 3179 tis
179 3104 277 3179 alios
311 3113 353 3181 et
377 3108 486 3181 annis
511 3103 678 3208 majores
711 3113 752 3181 et
776 3105 921 3180 meritis
947 3103 1143 3208 gloriaque
1168 3127 1250 3177 am·

110 3222 246 3319 pliores
279 3225 533 3302 admiratione
570 3218 849 3325 prosequatur?
892 3223 1027 3323 ltaque
1064 3245 1137 3324 ego
1170 3246 1252 3295 non

115 3342 239 3419 dubito
262 3343 354 3419 inde
371 3345 567 3447 colligere,
593 3342 797 3445 Virgilium
817 3342 1003 3418 ambobus
1020 3342 1094 3415 illis
1111 3340 1250 3440 poetis,

117 3459 202 3537 siat
224 3464 372 3563 poetica
395 3464 519 3558 laude,
544 3463 601 3538 ita
614 3462 730 3537 etiam
745 3462 847 3538 ritae
861 3461 971 3535 arinis
987 3459 1106 3534 fuisse
1122 3459 1250 3533 mino·

121 3599 201 3655 rem.
249 3581 298 3655 In
316 3582 451 3657 eadem
467 3581 655 3657 sententia
673 3588 731 3656 est
754 3580 1012 3655 lleerlrensius
1027 3581 1068 3654 in
1085 3577 1250 3654 Praefat.

125 3698 163 3769 al
180 3698 312 3777 leones
336 3728 377 3803 p.
390 3700 513 3796 XIV.;
547 3710 605 3801 ot,
645 3700 679 3777 si
701 3698 819 3779 Eser.
846 3696 940 3785 Otto
964 3698 1041 3775 bc.
1068 3698 1160 3801 Gap.
1179 3694 1250 3773 IV.

127 3886 312 3913 ἓ-

191 4012 249 4090 20)
277 4009 404 4073 Secutus
434 4031 499 4071 sum
528 4009 633 4074 bacin
653 4009 688 4073 re
705 4010 945 4072 verisimillimam
965 4007 1133 4087 septentiam
1153 4002 1251 4067 Jsbuii

128 4088 317 4158 blsnsducr.
350 4100 380 4157 in
409 4094 520 4175 Virgil.
542 4120 572 4173 p.
594 4095 673 4173 xl„
701 4099 751 4157 ubi
773 4098 920 4173 probabile
941 4094 1058 4167 reddit,
1090 4088 1251 4167 Virgilium

128 4175 272 4245 banaio
303 4182 439 4245 l‘clliouc
467 4184 503 4243 ad
532 4182 667 4245 Bucolica
689 4183 839 4244 scribenda
860 4184 1015 4241 excitatum
1039 4180 1156 4238 ineunte
1176 4196 1251 4237 anno

129 4256 156 4324 [J.
171 4264 202 4330 0·
231 4278 307 4333 712.
341 4268 478 4347 Eclcgam
501 4267 542 4330 ll.
572 4272 696 4345 primum
726 4269 932 4343 composuisse.
990 4261 1129 4325 cosdem
1164 4262 1251 4323 etiam

125 4342 226 4426 lonleii
247 4355 412 4432 l‘rolegorn.
429 4356 464 4415 orl
478 4355 600 4432 Virgilii
615 4353 711 4417 Coun.
730 4350 835 4414 Burcl.
858 4373 887 4427 p.
899 4356 950 4413 23.
964 4360 995 4411 et
1008 4354 1061 4413 48.
1072 4349 1120 4412 ed.
1135 4345 1250 4427 Wagn.

123 4428 207 4501 bb·
225 4437 445 4518 Prolegomeuis
464 4438 611 4517 Spcbnius
640 4441 693 4501 ille
713 4458 815 4517 meus,
846 4444 930 4513 cajus
958 4434 1063 4497 Mones
1092 4439 1140 4513 pie
1162 4436 1251 4497 deve·

121 4538 206 4604 strar,
225 4529 336 4602 primas
362 4526 455 4587 lium
475 4547 572 4587 rerum
593 4537 832 4602 temporumque,
863 4524 968 4601 quibus
987 4520 1098 4601 llclcga
1120 4541 1251 4600 quaeque

119 4604 273 4691 tVirgilic
294 4613 450 4686 composita
470 4614 529 4689 sit,
548 4613 640 4672 multa
661 4632 729 4671 cum
750 4622 812 4671 arte
834 4608 929 4672 duxit.
972 4606 1058 4670 Etsi
1079 4630 1153 4685 quse
1173 4615 1250 4681 mut,

116 4712 179 4771 μ
201 4699 308 4775 majori
335 4696 395 4757 aas
422 4708 453 4759 et
480 4697 657 4777 argumemis
682 4698 792 4757 munita
812 4716 879 4759 esse
899 4694 994 4770 velis,
1026 4694 1173 4757 scicudum
1193 4702 1249 4761 Μ.

117 4782 206 4861 cipes·
223 4783 286 4845 ists
304 4803 364 4845 scu
383 4782 502 4847 licubss
520 4802 663 4847 sumnam
682 4778 751 4847 bric
774 4783 925 4861 scriptioni
951 4781 1100 4859 imponere
1119 4792 1249 4841 nauum·
