2686 5236
36 39 1288 701 ?'-l

441 643 490 693 DE
517 638 654 691 cassio
678 636 899 687 ssnmsnsi.
1027 694 1031 701 Ι

98 823 163 887 tur
188 806 394 885 Suetonium
421 806 519 902 Aug.
546 828 579 879 o.
606 802 670 877 63.
694 810 734 875 et
757 798 989 873 Plutarchus
1015 800 1062 873 in
1079 798 1155 874 Vit.
1172 800 1227 873 lo

98 939 178 1007 ton.
205 950 240 1004 o.
259 928 325 1000 88.
376 922 436 997 lta
458 921 568 997 Julus
586 919 771 995 Antoniae
796 941 993 995 novamne
1020 942 1118 994 suae
1141 942 1234 1020 genu

99 1048 222 1123 foetam
253 1052 312 1120 est
345 1050 385 1118 et
417 1038 543 1117 affinis
567 1039 749 1140 Augusti,
784 1035 892 1136 eujus
920 1035 1153 1113 elementiae
1175 1037 1238 1111 sin·

100 1165 232 1268 gaulere
256 1161 480 1259 exemplum
503 1182 595 1235 omn
619 1157 735 1232 iiiisso
759 1157 813 1233 ait
828 1153 1003 1257 Velleius
1022 1155 1240 1230 Paternum

204 1280 332 1357 Nihilo
367 1288 495 1353 tamen
536 1276 659 1353 senius
698 1275 855 1353 violavit
893 1276 1066 1351 domum
1100 1274 1241 1375 augum

104 1400 307 1479 oommisso
333 1421 421 1472 uun
440 1394 542 1471 Julia
565 1395 753 1471 admterio
768 1418 804 1470 a.
822 1394 868 1468 U.
883 1392 929 1468 G.
947 1391 1048 1468 752.
1100 1393 1243 1468 lusimu-

95 1520 255 1603 labotm
278 1516 319 1590 iu
342 1514 477 1589 fouisse
500 1536 569 1613 spe
592 1513 744 1613 imperii
768 1514 1007 1612 oooupandi,
1041 1520 1089 1587 nt
1113 1514 1168 1588 ait
1187 1510 1245 1586 Ilio

95 1638 208 1715 -Cssn
233 1635 342 1709 Lihr.
367 1632 448 1709 LV.
474 1656 506 1709 u
530 1632 591 1707 1⁰.
617 1631 705 1709 Vol.
721 1632 792 1707 111.
811 1659 852 1733 p.
871 1633 967 1708 360.
997 1629 1112 1707 stra
1160 1629 1244 1706 lulis

102 1758 146 1833 in
170 1753 433 1831 Pandateriam
457 1750 619 1829 insulam
641 1752 807 1851 relegata
831 1757 911 1841 esta
937 1749 1060 1826 sulus
1078 1749 1246 1827 Antonin

105 1881 232 1951 morte
254 1871 468 1946 muletatus·
519 1869 666 1969 Quodsi
683 1893 707 1945 a
723 1866 871 1970 Velleio
896 1868 1049 1945 dieitur
1075 1869 1159 1969 ipse
1179 1890 1245 1944 sos·

105 1991 198 2069 letis
223 2015 247 2067 a
272 2013 314 2065 se
340 1989 533 2063 commissi
556 1990 660 2063 ultor
691 1987 830 2082 finisse,
867 1987 1036 2088 Lipsius
1069 1989 1121 2063 nd
1145 1984 1244 2061 'l'aa'i

106 2109 206 2187 Anu.
230 2107 340 2183 Libr.
365 2105 397 2180 Ι.
423 2132 457 2183 o.
482 2110 542 2183 10.
569 2107 798 2205 scriptos-mn
823 2107 1051 2182 dissensum
1075 2106 1130 2182 ita
1152 2105 1243 2198 tollit,

107 2236 152 2303 ut
165 2226 323 2328 Augusti
338 2222 486 2326 jussum
501 2226 752 2325 praeeessisse
766 2226 886 2319 dieat,
911 2250 1040 2324 quem
1056 2226 1143 2325 ipse
1156 2223 1243 2301 Julu

108 2344 296 2421 Antonius
321 2368 389 2419 sua
413 2368 530 2419 manu
549 2344 600 2419 sit
614 2351 829 2421 exseoutm.
881 2342 1049 2444 Spootat
1065 2344 1143 2419 huo
1157 2343 1243 2417 loos

110 2461 283 2539 Seueoae
307 2463 358 2538 ‹le
380 2463 522 2541 Brevit.
547 2462 625 2538 Vit.
650 2488 685 2539 o.
704 2462 741 2539 5.
765 2463 877 2557 M„
903 2462 976 2536 nbi
1003 2464 1058 2539 de
1082 2462 1240 2565 sunna

110 2584 201 2677 „lu
226 2580 315 2680 ἰρεα
339 2582 458 2673 urbe,
492 2581 636 2680 inquit,
669 2585 880 2676 Murenae,
910 2580 1151 2682 Caepionis,
1182 2578 1240 2654 Iae·

106 2699 218 2802 pidi,
262 2699 526 2795 &sotiorum
561 2698 604 2773 iu
637 2726 727 2775 eum
758 2723 966 2774 mucrones
1002 2700 1241 2775 melanus

110 2819 300 2895 Nondum
325 2819 467 2892 horum
491 2816 692 2922 effugerat
714 2817 909 2893 inuidiam
923 2819 1030 2917 filiu
1052 2830 1093 2893 et
1110 2830 1168 2894 tot
1187 2840 1243 2891 so·

112 2937 205 3012 biles
214 2938 376 3032 iuvenies
391 2935 589 3011 adulterio
603 2939 709 3012 velut
726 2949 977 3012 alteramento
995 2937 1141 3012 adacti
1145 2990 1158 3031 ‚
1175 2938 1243 3033 jus

111 3054 334 3154 infractum
358 3067 529 3129 aetutem
553 3053 807 3130 territabant.-
844 3056 1016 3155 plusque
1050 3067 1092 3130 et
1123 3055 1244 3131 item

111 3172 289 3247 timenda
313 3199 403 3248 cum
427 3173 608 3248 Aulo-uio
632 3173 822 3248 muniam
874 3175 1000 3249 Auute
1025 3174 1094 3250 hio
1118 3172 1245 3249 Senem

112 3316 182 3368 suo
207 3315 316 3365 more
335 3292 424 3368 dieit
439 3290 463 3367 J
465 3293 582 3366 uliam
599 3293 756 3367 alteram
772 3292 1018 3391 Cleopatram
1023 3345 1038 3387 ,
1064 3313 1247 3393 quaeum

114 3407 204 3485 Julo
228 3408 391 3484 Antonio
422 3410 543 3510 magis
576 3411 741 3486 timenda
773 3409 890 3486 fuerit
914 3409 1115 3512 Augusto,
1151 3433 1247 3510 quun

114 3527 187 3601 ista
210 3526 397 3628 Aegyptia
422 3552 510 3602 eum
534 3529 586 3602 M.
612 3529 776 3603 Antonio
802 3529 1043 3605 Triumviro.

217 3644 304 3722 Jam
338 3647 371 3721 si
403 3647 528 3745 ipsum
560 3645 639 3722 Juli
666 3647 824 3722 Antonii
854 3645 1001 3722 factum
1035 3658 1248 3748 spectamus,

115 3791 192 3865 quo
218 3765 320 3864 apud
342 3761 533 3864 Vellejmn
557 3765 813 3859 Paterculum,
840 3764 991 3841 Tiberii
1016 3769 1249 3857 adulatorem,

115 3907 258 3958 nomen
282 3882 474 3959 violatoris
500 3886 637 3959 domm
661 3884 850 3985 Augustae
881 3882 1054 3981 invenit,
1089 3888 1134 3962 id
1164 3884 1251 3985 apud

116 4025 310 4100 quemque
325 4003 551 4099 prudentem
567 4026 612 4078 ao
630 4002 828 4078 liberalem
843 4003 1085 4102 antiquitatis
1102 4003 1253 4108 judioem

114 4120 204 4219 plus
229 4120 482 4195 excusationis
506 4121 651 4196 habere
675 4122 791 4197 debet
815 4146 931 4218 quam
961 4122 1199 4201 inhumanus
1223 4128 1255 4196 et

115 4261 252 4315 meum
266 4237 424 4339 Augusti
445 4239 487 4312 in
510 4238 630 4317 filiam
648 4249 690 4315 et
704 4240 835 4319 lulum
858 4239 1017 4316 affinem
1042 4267 1162 4319 sumn
1184 4240 1254 4318 aui·

115 4378 214 4431 mus.
239 4355 390 4433 Nollem
406 4358 508 4434 vitae
525 4384 618 4435 suae
632 4361 874 4459 splendorem
889 4360 1145 4459 adspersisset
1160 4359 1254 4438 Julm

116 4471 189 4547 hao
214 4475 271 4549 rei
298 4478 508 4576 turpiculoe
524 4478 692 4574 manda,
719 4502 836 4577 quam
851 4488 1083 4579 eonoeptam
1100 4506 1176 4558 uon
1193 4501 1254 4579 po·

117 4599 218 4666 terat
251 4592 381 4669 elisere
414 4620 532 4672 manu
565 4598 639 4672 sibi
671 4596 824 4673 fortiter
856 4598 970 4675 illata.
1037 4599 1143 4676 Julia
1172 4601 1251 4698 ipsa,

116 4708 262 4788 famosa
280 4711 349 4788 ieta
367 4717 523 4813 mulier,
550 4716 696 4793 invenit
713 4725 838 4794 nostra
854 4721 1042 4797 memoria
1063 4730 1251 4822 patronum
