2670 5294
161 700 239 777 348
503 720 554 771 os
577 716 714 771 casoro
739 716 960 769 rasurum.

159 905 372 987 pannnqne
407 880 587 957 claritatis
621 887 933 979 consequeretur.
999 878 1086 957 Alia
1120 886 1181 955 est
1211 880 1296 955 ratio

159 1002 324 1079 nomirris
348 1002 541 1095 „Julua“
589 998 684 1073 Nam
710 998 785 1076 lroo
808 998 988 1093 nomine,
1014 1008 1061 1073 ut
1077 1000 1185 1075 idem
1203 998 1295 1074 l’eri·

161 1122 296 1198 aonios
327 1126 477 1212 monet,
510 1117 715 1217 appellavit
746 1116 867 1191 filimn
900 1127 993 1193 natu
1017 1118 1231 1213 minorem,
1260 1128 1293 1191 ul

160 1242 400 1332 ostenderet,
432 1260 475 1311 se
498 1260 570 1335 por
593 1243 756 1311 matrem
781 1234 949 1331 Iulium,
976 1236 1024 1313 L.
1049 1236 1149 1312 Julii
1173 1236 1292 1311 Gaesa-

159 1360 215 1435 ris
252 1358 389 1449 liliam,
433 1355 619 1456 attingere
650 1355 758 1429 illam
791 1364 964 1455 gentem,
1010 1356 1219 1431 demissam
1251 1354 1290 1429 ab

160 1464 326 1551 Ascanio
350 1496 492 1573 puero,
520 1473 584 1546 oui
609 1474 959 1573 cognomentum,
985 1482 1029 1549 ut
1055 1474 1111 1549 ait
1128 1472 1288 1575 Virgilius

158 1596 257 1670 Aen.
273 1593 380 1667 Lilrr.
397 1591 430 1666 Ι.
447 1617 487 1667 v.
506 1594 592 1668 207.
645 1593 755 1665 lluno
780 1616 932 1689 quoqrm
958 1591 1141 1667 familiari
1164 1600 1288 1667 tantm

161 1736 340 1788 sermone
372 1711 519 1785 ‹licturm
550 1718 919 1809 vocatumqueesee
952 1711 1121 1787 arbitror
1147 1712 1287 1789 lutura:

159 1832 227 1931 qui
251 1840 383 1907 atatem
409 1830 550 1903 lectum
576 1830 646 1924 sit,
672 1838 736 1922 ut,
765 1853 855 1904 oram
868 1828 1026 1927 Autyllr‘
1042 1854 1190 1907 nomen
1204 1830 1287 1929 apul

160 1950 363 2049 scriptores
391 1948 584 2023 Romanos
618 1949 733 2047 plano
765 1948 1021 2041 exolesceret‚
1057 1974 1201 2025 nomeu
1223 1946 1290 2024 Juli

161 2094 241 2143 non
279 2075 428 2142 tantum
466 2089 643 2142 semrone
678 2065 854 2140 familiari
887 2066 957 2139 sed
996 2066 1117 2141 etiam
1158 2066 1288 2165 scriptis

160 2185 414 2260 monumentis
440 2186 693 2259 celebraretur
710 2186 880 2283 adeoquo
897 2208 985 2259 eum
1000 2186 1161 2261 nomine
1176 2184 1287 2289 gentili

161 2301 471 2403 conjungeretur,
505 2304 649 2377 nemini
673 2305 878 2378 olrscumm
902 2301 996 2395 erit,
1029 2304 1102 2401 qui
1125 2304 1225 2379 lnmc
1245 2302 1286 2375 ll.

161 2422 317 2496 Antonii
347 2428 386 2495 et
410 2420 441 2495 F
443 2420 567 2496 ulviae
592 2420 713 2498 filirun
738 2418 896 2524 ejusque
921 2420 1039 2497 vitam
1065 2432 1105 2497 ot
1127 2448 1192 2499 res
1214 2446 1287 2523 per·

160 2539 323 2616 noverit.

262 2658 315 2731 Μ.
337 2659 519 2734 Antonius
535 2658 744 2757 Antylhun
767 2658 886 2732 filium
911 2669 1002 2733 natu
1028 2657 1234 2762 majorem,
1255 2669 1288 2733 nt

159 2778 344 2870 vidimus,
372 2802 499 2852 seeum
524 2780 566 2852 in
592 2788 709 2852 eastra
735 2778 948 2852 alnluxornt
975 2804 1139 2875 puerum
1163 2806 1288 2880 parun-

158 2898 260 2989 lum‚
287 2922 473 2995 suumque
498 2921 589 2972 eum
614 2900 720 2971 domi
746 2898 914 2995 lorisrmo
938 2899 1112 2973 volueret
1134 2924 1217 2975 esse
1235 2923 1288 2972 oo-

159 3019 333 3091 nritcm.⁴
360 3018 476 3090 lutras
501 3023 647 3108 autom,
683 3042 771 3091 erun
797 3017 928 3092 Fulvia
952 3026 1080 3091 matre
1105 3020 1289 3093 orbaretur

157 3160 258 3209 errno
285 3135 330 3208 U.
357 3136 399 3208 C.
429 3136 535 3227 714„
572 3137 743 3209 nondum
777 3136 817 3209 id
842 3136 973 3210 aetatis
997 3134 1115 3212 fnisse
1141 3138 1288 3227 videtur,

158 3261 200 3326 ut
234 3254 272 3324 in
308 3253 426 3349 patris
460 3254 641 3327 comitutu
677 3277 722 3328 ao
758 3255 1008 3329 contubernio
1042 3278 1130 3331 esse
1165 3262 1287 3355 posset.

157 3370 303 3443 Romae
336 3370 448 3470 igitur
482 3372 613 3468 procul
648 3372 766 3447 dubio
799 3374 978 3447 remansit
1011 3371 1288 3473 transiitquein

156 3490 317 3563 ‹lomrmr
334 3486 527 3583 Octaviae,
550 3514 739 3565 novercae
755 3515 857 3565 errae.
909 3492 1005 3566 Nam
1019 3491 1191 3585 Fuluiae,
1206 3510 1286 3589 quae

156 3607 363 3681 multamm
389 3608 618 3682 seditionum
637 3609 988 3707 discordiarumque
1006 3608 1159 3684 fruresta
1179 3608 1285 3682 iuerat

157 3724 245 3821 lox,
281 3750 355 3803 nee
386 3727 500 3824 opina
533 3752 639 3802 mors
671 3728 857 3803 acciderat
889 3727 1181 3826 exoptatissima
1208 3726 1284 3801 Gae-

156 3845 233 3919 sari
258 3832 487 3939 Oeta'tiano,
513 3872 591 3943 quo
617 3846 727 3921 citius
755 3872 844 3921 oum
869 3845 919 3918 Μ.
940 3844 1106 3922 Antonio
1132 3842 1283 3921 reconoi-

155 3963 324 4059 liarotur.
351 3961 495 4038 Omnes
512 3965 702 4062 utrimque
718 3962 946 4040 offensiones
962 3965 1005 4038 in
1017 3965 1127 4039 illam
1144 3960 1282 4067 rejectae

155 4088 264 4172 sunt3
291 4082 483 4155 Brundisii
498 4108 642 4159 novum
660 4082 796 4158 foedus
820 4082 981 4178 lachim,
1007 4084 1112 4181 quod
1137 4105 1214 4181 quo
1232 4078 1282 4152 tir·

155 4200 257 4273 naim
291 4209 412 4292 esset,
452 4201 506 4275 Μ.
539 4200 702 4278 Antonio
734 4203 776 4277 in
809 4202 1096 4278 matrimonium
1129 4204 1215 4277 (lete
1237 4202 1280 4273 eat

158 4316 345 4412 Octavia,
381 4318 553 4395 Caesaris
581 4318 781 4397 Octaviani
805 4345 916 4397 soror
940 4328 981 4397 et
1005 4322 1119 4398 vidue
1140 4322 1182 4397 C.
1198 4318 1278 4395 ller-

155 4434 241 4505 oelli
268 4434 466 4537 eujusdam
490 4441 712 4538 nuperrime
735 4439 894 4515 mortui.
945 4439 1090 4540 erarta
1104 4440 1215 4545 igitur
1228 4456 1277 4511 ω·

153 4571 233 4646 que
256 4552 423 4652 legitima
447 4559 549 4633 illius
573 4585 676 4635 uxor
700 4558 776 4635 fuit

256 4667 326 4743 IV.
355 4674 544 4770 Octavia,
571 4702 688 4777 quem
704 4679 902 4781 gravidam
919 4686 958 4756 et
978 4679 1105 4757 luotus
1129 4688 1277 4777 temport

153 4785 327 4863 nondum
344 4786 451 4866 linito
466 4794 591 4873 «lauit.
631 4796 754 4875 Erant
774 4807 905 4879 eutem
921 4800 1076 4879 Caesari
1092 4796 1278 4877 Octavium
