2670 5294
392 294 441 341 un
469 294 605 344 cassio
625 296 844 345 raasrsusr.
1128 272 1206 349 217

53 478 147 529 cum
171 452 292 531 llcnr.
313 454 526 549 Glareano,
552 453 693 558 Georg.
708 456 902 554 Fabricio,
927 455 1007 534 lac.
1025 459 1204 560 (impio,

54 572 271 669 Lambiuo‚
314 576 495 669 llaccrio,
538 573 743 650 Sanadono
776 578 933 677 aliisque
967 579 1113 653 Horatii
1144 582 1206 655 in-

55 694 304 792 terpretibus.
362 691 470 787 Jam,
512 718 564 769 ne
598 694 690 794 quid
723 695 977 791 dissimulem,
1011 698 1207 775 latendrun

56 820 140 906 est,
175 809 291 913 hujus
318 814 527 889 sententiae
559 814 593 887 si
617 838 696 887 non
721 822 915 909 auctores,
953 826 1056 891 certa
1082 816 1207 893 fauto-

56 954 121 1005 res
154 930 350 1017 habendos
384 956 468 1007 osso
502 939 652 1008 veteres
685 932 833 1008 Horatii
867 934 1207 1012 commentatores.

56 1050 111 1123 At
136 1049 275 1125 horum
300 1051 455 1128 Scholia
486 1052 528 1125 in
563 1050 738 1127 confesso
770 1061 829 1128 est
861 1076 977 1151 (ptam
1009 1056 1140 1129 multis
1166 1056 1209 1128 in

57 1168 232 1267 partibus
265 1172 488 1245 daturncata
520 1178 636 1269 atque
675 1172 902 1271 interpolata
945 1175 993 1246 ad
1035 1181 1208 1249 nostram

29 1289 307 1385 ¹pervenerint
338 1297 521 1383 aetatem,
561 1299 626 1382 ut,
667 1291 733 1387 qui
768 1292 824 1365 eis
859 1292 907 1365 ad
939 1291 1120 1366 historiae
1145 1316 1209 1367 rc·

58 1430 226 1506 namque
266 1407 384 1483 fidem
426 1410 489 1485 vel
522 1410 786 1484 stabiliendam
820 1410 884 1483 vel
919 1410 1208 1511 convellendam

58 1526 117 1599 uti
149 1527 266 1621 velit,
309 1550 459 1601 summa
491 1528 529 1601 ei
568 1528 859 1627 circamspcctio
894 1528 944 1601 sit
982 1528 1209 1605 adhibenda.

60 1644 301 1745 Quapropter
329 1670 410 1721 non
443 1653 501 1720 est
535 1648 640 1745 quod
665 1646 712 1721 L.
742 1648 990 1722 Torrentium
1015 1647 1211 1745 vitupere-

59 1786 149 1837 mus
174 1766 448 1868 ambigentem,
481 1792 577 1839 num
602 1766 822 1841 Scholiastis
853 1789 899 1840 ea
924 1766 965 1839 in
988 1790 1033 1839 re
1059 1768 1210 1841 auscul-
1280 1750 1284 1757 ¹

60 1886 222 1959 tandum
247 1887 317 1979 sit,
342 1886 569 1985 praesertim
594 1910 682 1961 cum
707 1888 756 1959 de
772 1884 933 1960 Etrusco
960 1892 997 1959 ct
1015 1884 1211 1959 Parmensi

61 2000 195 2077 Cassio
218 2010 417 2101 tamquam
442 2006 491 2078 de
525 2029 603 2079 uno
633 1991 846 2103 eodemque
871 2004 1028 2078 bomine
1052 2003 1211 2077 nrininaa

60 2128 141 2195 tam
155 2098 277 2220 plane
302 2130 342 2197 et
367 2146 546 2220 expresse
562 2124 787 2223 loquantur,
813 2132 857 2195 ut
874 2122 1098 2197 drdritationi
1124 2123 1211 2195 nul·

61 2242 123 2317 lus
148 2243 389 2343 relinquatur
413 2245 531 2318 locus.

167 2444 352 2523 Omnium
393 2456 540 2542 tamem
591 2468 689 2547 quos
728 2446 865 2541 sciam,
916 2447 1123 2523 acerrimus
1167 2469 1212 2521 ac

62 2566 334 2643 disertismnus
367 2568 493 2663 illius,
526 2567 591 2645 cui
624 2566 766 2641 Saxius
790 2565 964 2662 favebat,
1000 2565 1212 2639 sententiae

62 2686 213 2763 vindex
237 2686 340 2761 haud
367 2685 483 2762 dtdria
508 2695 569 2763 est
601 2682 663 2761 Jo.
689 2686 888 2761 Massouus
912 2688 954 2761 in
980 2684 1057 2759 vit.
1082 2686 1212 2759 llorat.

64 2806 116 2881 ad
139 2830 203 2881 an.
226 2806 272 2882 U.
297 2805 341 2881 G.
362 2806 475 2901 724„
511 2805 599 2905 qrri,
633 2806 737 2902 quod
762 2805 852 2879 satis
877 2805 1008 2879 mirari
1031 2827 1214 2902 nequeas,

63 2924 192 3024 ipsum
216 2924 492 3001 errnkenium
518 2926 569 3001 ad
594 2920 729 3021 Vellei.
748 2924 893 2999 Patara.
907 2921 1077 2997 Libnll.
1104 2924 1213 2996 c.88.

63 3052 97 3134 t.
117 3044 153 3117 l.
177 3042 221 3117 in
243 3042 419 3123 fraudem
443 3044 626 3119 induxit·
673 3043 781 3118 Alios
805 3039 977 3144 ejusdem
1003 3040 1215 3115 sentcntiae

10 3234 17 3241 .
63 3170 269 3263 patronos,
303 3163 345 3237 in
369 3164 432 3239 his
456 3163 501 3239 Ρ.
525 3161 761 3240 Sc1iveri1un
785 3162 812 3235 l.
839 3186 894 3254 o.,
927 3158 973 3234 R.
999 3156 1216 3258 Bcntlcjum

64 3282 115 3357 ad
138 3282 270 3358 Horat.
295 3280 404 3358 Libr.
420 3282 453 3363 1.
480 3281 563 3357 Sat.
585 3285 647 3358 lo.
672 3306 711 3357 v.
731 3280 794 3355 59.
822 3287 862 3354 ct
884 3279 1146 3351 Burananmun
1167 3276 1216 3350 ad

63 3399 186 3477 anth.
210 3398 297 3477 Lat.
322 3401 351 3477 l.
374 3426 409 3477 c.
435 3408 548 3501 atque
581 3424 704 3474 unum
734 3398 902 3496 itemquo
928 3396 1092 3471 altcrmn
1115 3392 1215 3467 Poa-

64 3528 129 3597 tao
163 3518 348 3595 Venusini
386 3506 656 3620 interpretem,
699 3542 788 3593 aun
825 3540 912 3593 eam
945 3540 1029 3591 rem
1060 3511 1218 3589 minime

64 3664 158 3717 otim
181 3664 274 3715 oum
297 3640 604 3717 examinaverint
619 3636 897 3736 rnalueriutque
922 3636 1085 3711 aliorum
1101 3652 1217 3730 wem

64 3764 203 3859 suopte
226 3759 285 3833 uti
309 3756 475 3859 judicio,
508 3756 572 3833 hic
605 3757 756 3833 silentio
780 3754 1091 3856 praetemrittam.
1144 3748 1219 3843 Qui

64 3884 196 3953 autem
228 3900 252 3951 a
286 3876 484 3955 Torrentii
512 3876 685 3977 partibus
717 3882 898 3951 steterunt
931 3872 1011 3949 Viri
1041 3869 1155 3945 Docti
1181 3874 1220 3942 et

67 3994 244 4073 Cassium
282 3994 488 4071 Etruscum
528 3996 722 4073 diversum
765 3994 885 4069 fuisse
928 3996 1159 4069 censuerunt
1195 3982 1240 4064 a¹

68 4114 199 4193 Cassio
232 4112 453 4209 Parmensi,
497 4114 784 4193 commemorati
824 4122 912 4189 srmt
946 4113 996 4188 ab
1028 4108 1219 4187 Kordesio

67 4236 117 4311 ad
141 4234 372 4312 Eberhardti
402 4233 634 4311 librum'cit.
660 4242 692 4324 ς.
715 4233 779 4308 34.
803 4230 849 4308 Ν.
865 4259 902 4307 z.
927 4258 968 4332 p.
990 4234 1100 4325 208„
1134 4229 1220 4327 qui·

66 4354 142 4433 bun
166 4354 217 4433 R.
242 4378 319 4433 van
344 4352 557 4433 Ommeren
580 4354 744 4433 Banna
777 4351 819 4431 in
850 4352 960 4431 libna
993 4353 1132 4429 Hornz
1157 4344 1220 4418 olo
