2686 5236
401 668 453 721 ns
479 670 617 723 enarro
643 670 865 725 namuri.
1136 650 1214 729 20³

60 834 246 913 crrmdem
262 830 390 911 refero
407 858 460 911 ex
478 834 700 930 Quintiliani
716 834 810 911 lnat.
831 832 900 911 Or.
923 835 1029 912 Libr.
1040 831 1108 913 Vl.
1129 864 1163 915 c.
1173 840 1212 917 3.

61 967 95 1049 l.
121 956 207 1032 uus
240 955 312 1051 „C.
344 952 515 1049 Cassius,
557 954 624 1053 qui
654 954 766 1028 militi
798 955 882 1030 sine
916 956 1040 1058 gladio
1075 958 1214 1034 decru-

61 1074 183 1169 renti,
225 1076 359 1166 Heua,
402 1072 631 1167 comnulito,
670 1099 810 1174 pugno
843 1075 938 1149 bene
969 1074 1112 1169 uteris,
1150 1077 1213 1153 in·

61 1194 187 1297 quit.“
246 1192 366 1288 Quia
393 1192 520 1268 Cassio
550 1200 704 1269 oratore
734 1194 908 1270 historias
933 1218 1089 1295 quoquc
1116 1195 1211 1271 scri-

61 1321 147 1413 ptas
171 1336 257 1389 esse
283 1312 413 1387 dictant
435 1310 521 1386 Viri
546 1308 683 1408 Docti,
705 1321 750 1387 ut
768 1312 1023 1413 Glandorpius
1047 1315 1088 1388 in
1106 1314 1212 1392 Ono·

61 1440 174 1508 mast.
209 1458 250 1532 p.
278 1434 387 1528 209„
425 1430 577 1531 Lipsius
611 1435 659 1507 ad
685 1433 862 1508 Tacitum
891 1434 990 1506 Anne
1017 1431 1123 1508 Libr.
1141 1432 1210 1511 lv.

62 1574 97 1627 c.
114 1553 200 1646 ²1„
234 1549 461 1626 Torrentius
486 1553 536 1626 ad
561 1550 735 1627 Suetonii
760 1551 877 1652 calig.
905 1576 938 1627 c.
962 1554 1023 1628 lo.
1058 1554 1209 1653 aliique,

60 1694 197 1745 eorrnn
231 1669 417 1746 sententia
450 1670 562 1747 unica
596 1672 730 1745 nititur
760 1671 847 1746 loco
873 1671 1049 1746 Suetonii
1074 1673 1120 1746 in
1141 1672 1211 1747 vi-

62 1789 142 1864 tell.
168 1814 203 1865 c.
220 1793 281 1885 2.,
326 1790 374 1864 de
407 1814 487 1888 quo
511 1787 591 1891 jam
616 1812 730 1888 supra
764 1799 795 1880 §.
816 1790 854 1862 3.
881 1790 1210 1888 disputatumest.

61 1907 209 1983 Verum
243 1907 347 1984 enim
376 1932 470 1984 vcro
505 1909 591 2008 quis
622 1932 702 1984 non
733 1909 858 2002 videt,
901 1910 1067 1983 intritum
1099 1934 1211 2008 prae·

61 2034 185 2122 stare,
220 2027 252 2103 si
278 2028 327 2103 dc
353 2028 528 2103 oratione
553 2029 636 2104 siva
660 2027 809 2103 fumoso
833 2029 967 2102 libello
992 2026 1110 2103 Cassii
1136 2024 1210 2105 Se-

60 2147 145 2221 veri
170 2147 398 2248 cogitamus,
424 2171 542 2246 qumn
567 2148 616 2222 dc
637 2142 821 2222 historia?
834 2145 1100 2251 'verisimilius
1117 2173 1210 2247 pro-

61 2263 161 2340 facto
188 2273 268 2361 cst,
302 2266 426 2367 gentis
450 2265 627 2341 Vitellius
652 2273 844 2341 auctorem
869 2268 1101 2365 appellatum
1126 2292 1209 2345 esse

61 2407 86 2458 a
110 2382 240 2459 Cassio
266 2396 437 2460 sutorem
464 2383 835 2459 veteroemerrturium
867 2385 1085 2464 in-satirico
1111 2413 1210 2486 quo·

61 2503 153 2576 ‹lam
176 2526 295 2601 qnam
328 2504 370 2577 in
395 2504 575 2579 historico
610 2502 748 2604 operel
791 2503 941 2578 certius
966 2504 1015 2579 ‹lc
1040 2505 1210 2581 historiis

60 2618 146 2723 ejus
171 2622 432 2698 testimonium
457 2624 528 2698 sibi
553 2624 744 2725 reperisse
768 2622 972 2698 videbatur
996 2622 1208 2699 Kordesius

60 2742 164 2839 apud
188 2739 378 2817 loannem
394 2743 712 2819 sarisberiensem
737 2742 777 2815 in
794 2741 972 2816 Policrat.
991 2739 1208 2819 Libnvlll.

61 2884 95 2933 c.
117 2861 178 2934 18.
203 2886 242 2959 p.
255 2863 369 2935 '640.:
396 2864 510 2936 Haec
533 2860 687 2964 quidem
705 2872 874 2961 possunt
899 2872 937 2934 et
961 2861 1073 2959 apud
1087 2858 1210 2939 histu-

60 2975 167 3051 rr'cor
188 2976 364 3054 inveniri
385 2978 600 3084 diffissius,
636 2979 707 3081 qui
713 2992 993 3080 tyrannorum
1016 2977 1210 3054 atrocita-

60 3108 120 3171 tes
149 3108 188 3172 et
218 3097 352 3173 exitus
382 3099 548 3175 mmet-oa
578 3098 733 3201 plentur
772 3098 957 3173 molum.
1029 3098 1141 3196 (luce
1171 3097 1212 3174 ri

60 3214 149 3316 quis
180 3214 406 3313 diligentiam
438 3218 633 3295 recenseri
664 3217 854 3310 voluerit,
901 3219 1006 3313 legat
1035 3240 1084 3291 eo
1108 3238 1211 3319 quae

66 3338 222 3431 Trcgau
235 3339 462 3438 Pompeius,
487 3339 699 3439 Joaepims,
725 3335 957 3437 Egecippus,
983 3336 1210 3431 Momm,-

63 3454 111 3551 Q·
141 3455 318 3548 Curtiue,
354 3458 470 3535 Corn.
501 3456 686 3551 Tacitru,
718 3460 766 3532 T.
791 3454 956 3548 Leuius,
979 3459 1150 3533 Serenus
1170 3460 1212 3532 αἱ

62 3574 324 3675 Tranquillum
358 3590 396 3652 et
431 3576 506 3651 ulii
536 3572 718 3651 historici
748 3616 802 3632 -
834 3575 1210 3681 comprehenderunt

57 3692 281 3769 historiie.“
332 3697 416 3791 Quo
440 3696 482 3770 in
507 3696 593 3771 loco
617 3694 828 3769 Kordesius
854 3700 965 3768 acute
980 3694 1207 3792 auspicatam,

57 3812 134 3887 sub
164 3813 302 3890 &reni
336 3815 493 3891 nornine
526 3814 649 3889 late'rc
682 3816 864 3886 δευοηιω
896 3810 938 3885 h.
961 3833 998 3887 e.
1035 3810 1208 3887 Coeu'rrm

57 3930 258 4009 Sevenrm.
325 3934 379 4009 At
412 3934 596 4032 scriptor,
637 3932 703 4032 qni
734 3929 963 4006 δικωπίαν»
994 3938 1036 4006 et
1074 3932 1208 4005 lton·

56 4049 226 4153 oua'llum
258 4054 336 4128 duo
367 4052 457 4128 facit
492 4062 533 4127 et
571 4053 674 4127 inter
704 4074 747 4126 so
787 4051 959 4126 diversos
993 4048 1206 4144 historicos,

55 4169 273 4246 levissimae
297 4196 409 4268 sane,
435 4196 487 4248 ne
511 4172 637 4247 «fleam
660 4169 804 4244 nullius
828 4176 889 4243 ast
912 4164 1002 4243 fidei
1016 4174 1054 4243 at
1072 4172 1206 4243 auno

55 4288 188 4365 ritatis.
239 4288 290 4367 ut
320 4299 366 4365 ut
391 4292 618 4386 concedam,
656 4288 828 4364 Gassirun
853 4294 1045 4363 oratorem
1068 4308 1206 4363 revera

55 4406 120 4483 hic
143 4409 430 4512 intelligendum
455 4433 558 4505 esse,
583 4430 713 4485 nonno
735 4408 771 4482 ia
795 4408 939 4484 rectilis
953 4414 1206 4504 tyrannorum

55 4528 269 4604 atrocitates
292 4530 528 4629 miserosque
553 4530 682 4605 exitiis
705 4528 749 4602 in
773 4528 929 4603 satiricis
954 4527 1100 4603 libellis.
1117 4524 1207 4600 teti-

52 4645 153 4749 gisse
176 4635 366 4747 portandus
391 4643 494 4724 erit?
527 4648 647 4750 Igitur
672 4649 721 4723 ‹la
747 4647 936 4724 Cassiania
961 4645 1206 4722 historicum

51 4765 164 4842 libris
188 4767 285 4843 nihil
307 4766 404 4845 certi
426 4768 667 4869 prommtiari
688 4774 829 4870 potest.
975 4854 979 4862 ¹
