2670 5294
497 293 697 347 ascensus
724 296 752 345 1.
1131 273 1207 349 313

57 476 143 529 sam
175 452 274 529 milri
304 454 440 532 videor
471 456 769 556 deprehendisse
801 460 914 536 valde
952 462 1204 559 probabilem.

57 570 207 648 Nonius
223 575 370 673 aliquot
384 576 493 649 annis
508 584 596 651 ante
604 578 778 654 veneficii
795 601 978 672 cernuam,
1004 590 1205 656 accusante

58 690 194 767 Cassio
219 692 384 789 Severo,
427 696 581 771 dixerat
604 704 646 770 et
670 698 803 794 procul
830 698 946 771 dubio
979 707 1060 772 trun
1085 699 1206 773 Asinii

58 808 244 885 Pollionis
268 811 490 890 defensione
514 823 597 889 tum
621 815 781 915 Augusti
807 818 1030 891 auctoritate
1054 821 1206 893 absolu·

57 936 122 1003 tus
156 928 292 1005 fuerat.
361 931 497 1032 Itaque
527 932 622 1007 milri
656 935 810 1009 ridetur
842 936 889 1009 ad
924 936 1019 1008 illud
1044 938 1206 1033 patroci-

56 1047 171 1121 nium
204 1051 389 1126 adductus
422 1052 542 1128 luisse
576 1060 643 1127 aut
676 1052 844 1127 criminis
881 1054 991 1127 istius
1023 1057 1207 1155 gravitate

58 1174 130 1241 aut
160 1168 299 1267 pietate
341 1172 524 1247 adversus
565 1171 784 1265 Moschrnn,
826 1197 904 1269 quo
948 1172 1108 1249 fortasse
1147 1176 1207 1248 di·

60 1286 175 1359 cendi
208 1288 388 1389 magistro
412 1314 506 1363 risus
536 1288 681 1365 finisset.
733 1291 828 1365 Inde
853 1291 965 1363 simul
990 1301 1112 1389 patet,
1140 1319 1208 1367 our

59 1402 243 1481 Horatius
283 1408 325 1480 in
359 1405 445 1482 Oda
477 1415 565 1507 post
597 1408 805 1508 Epistulam
847 1409 984 1505 scripta
1021 1411 1208 1507 Torquati

53 1521 247 1623 pr‘stutem
271 1527 494 1604 laudaverit.
555 1526 723 1620 Verum,
758 1552 810 1602 ne
834 1528 1013 1601 baudoleni
1037 1528 1209 1627 ingenio·

61 1666 141 1741 que
172 1632 308 1719 ludere
340 1670 497 1747 arguar,
533 1646 735 1739 confiteor,
773 1646 869 1719 mihi
902 1645 1024 1720 videri
1044 1644 1208 1744 piotrrtis

60 1763 294 1837 vocabulum
318 1764 358 1838 lr.
376 1765 403 1839 l.
428 1765 538 1840 latius
563 1773 692 1865 patere
708 1766 851 1864 pariter
870 1787 914 1839 ac
927 1790 1074 1859 goarus,
1102 1766 1206 1863 <prod

62 1886 105 1953 et
135 1881 263 1980 ipsum
295 1884 337 1957 in
366 1902 429 1959 eo¹
447 1885 643 1979 laudatur,
684 1886 772 1959 licet
810 1884 956 1983 primus
988 1883 1209 1957 Nouiorum

61 1998 221 2075 ‹lennsm
246 1999 374 2077 Sullae
404 2011 444 2078 ot
468 2005 577 2078 Marii
602 2004 838 2102 temporibus
863 2003 1103 2096 inclaruerit,
1140 2027 1209 2077 au-

62 2126 174 2193 ctore
206 2118 409 2195 Plutarcho
441 2122 484 2195 in
517 2122 595 2197 vit.
631 2124 743 2195 Marii
776 2146 810 2197 c.
835 2122 899 2196 29.
956 2120 1143 2217 Equidem
1168 2121 1211 2193 in

60 2237 132 2313 illo
158 2237 308 2313 llos-atii
339 2264 452 2315 versu
485 2241 579 2315 nilril
610 2242 765 2317 invenio
791 2241 864 2313 nisi
890 2239 1118 2313 sententiam
1144 2262 1211 2338 ge·

59 2358 237 2431 noralem
260 2360 366 2433 nulla
392 2359 578 2457 Torquati
603 2357 762 2460 ejusque
787 2360 969 2435 virtutum
995 2356 1123 2429 habita
1147 2380 1211 2429 ra-

61 2475 171 2551 tione
195 2478 355 2570 elatam,
381 2502 458 2576 «pra
483 2480 628 2553 nemini
644 2478 864 2553 mortalium
884 2500 1010 2572 neque
1027 2475 1211 2549 natalirun

62 2584 429 2695 splendoremque
460 2598 604 2697 ingenii
639 2598 829 2695 animique
862 2596 971 2668 bonis
1007 2618 1059 2667 ex
1082 2591 1212 2666 inferis

61 2714 212 2789 reditus
235 2714 278 2788 in
301 2716 423 2791 vitam
446 2726 615 2816 paretur.
670 2714 763 2791 Sive
788 2714 906 2815 igitur
923 2713 1034 2787 Nonii
1052 2719 1213 2786 aetatem

63 2842 282 2933 spectamus
307 2835 388 2911 sive
412 2835 746 2926 necessitudinem,
782 2857 897 2930 quam
923 2831 1128 2907 verisimile
1153 2838 1211 2905 est

64 2951 104 3027 ei
129 2976 221 3027 oum
235 2952 353 3027 Poeta
376 2954 651 3045 intercessisse,
677 2952 773 3025 nilril
799 2951 979 3045 occurrit,
1006 2952 1108 3048 quod
1136 2950 1214 3023 dis-

65 3072 245 3167 suadeat,
269 3079 312 3145 ut
326 3095 375 3146 ne
396 3070 593 3171 Torquati
606 3072 763 3146 nominc
778 3068 940 3144 Nonium
951 3069 1060 3143 illum
1074 3068 1215 3165 Aspre-

65 3196 200 3264 natem
233 3189 434 3290 significari
469 3213 701 3265 censeamus.
761 3188 958 3284 Denirprc,
994 3188 1099 3284 (prod
1126 3211 1214 3260 mea

67 3307 229 3407 quidem
253 3308 432 3405 opinione
456 3308 632 3408 inprimis
656 3314 896 3382 momentum
919 3304 991 3375 hac
1015 3304 1058 3375 in
1083 3327 1214 3377 caussa

66 3424 182 3520 lacit,
215 3426 313 3501 illud
337 3434 417 3520 est,
450 3428 555 3525 quod
580 3427 759 3501 lloratius
787 3425 1024 3519 Torquatum
1054 3420 1096 3492 iu
1120 3419 1214 3517 Epi·

68 3544 171 3619 stola
196 3546 245 3618 ad
270 3569 431 3621 coenam
467 3546 599 3620 invitat
631 3544 816 3645 ffirgalcm
841 3541 1017 3639 quidem,
1061 3540 1128 3611 sed
1153 3538 1215 3611 hi·

68 3664 193 3739 larem
218 3671 257 3739 et
280 3664 488 3765 genialem,
513 3664 588 3739 hoc
612 3688 703 3737 usus
728 3665 951 3760 argrmrento
976 3682 1014 3731 v.
1033 3658 1093 3729 tls

366 3785 465 3860 cuo
488 3794 586 3857 uoto
616 3783 785 3858 Caesare
799 3778 937 3877 festus

120 3902 208 3976 Dat
231 3899 389 3975 vaurum
413 3925 667 4000 cornuumque
693 3897 799 3972 dies.-
833 3894 996 3992 impurae
1021 3889 1149 3965 licebit

122 4020 334 4097 Aestiorum
358 4044 535 4095 sennem
559 4017 722 4113 benigue
746 4016 904 4088 laudm
920 4021 1093 4084 uectem:

70 4164 153 4239 quo
177 4139 220 4213 in
243 4140 330 4214 loco
356 4141 406 4214 da
430 4159 673 4237 quocumque
703 4135 871 4210 Craesure
895 4128 1058 4228 cogites,
1093 4129 1218 4205 saten-

70 4260 169 4333 dum
207 4258 304 4352 erit,
349 4257 544 4331 neminem
583 4254 834 4344 Manlionrm,
881 4250 930 4323 ad
973 4274 1069 4347 quos
1103 4251 1216 4346 vulgo

70 4377 257 4455 lloratius
280 4375 476 4477 scripsisse
500 4380 675 4475 putatur,
706 4372 781 4449 hoo
804 4376 1028 4472 argumento
1052 4364 1218 4466 potuisse
