2670 5294
146 640 225 719 ³44
487 658 538 710 nr
565 654 952 709 oneraremur.

147 826 202 903 dii
216 822 372 900 Metam.
387 819 495 897 Libr.
510 818 580 897 IV.
602 845 642 897 v.
661 820 751 897 032.
769 816 856 895 Not.
874 816 971 897 (itit.
997 819 1068 897 ed.
1085 814 1227 920 Gierig.
1239 858 1281 877 ·-

149 941 388 1021 Schraderrn
411 942 452 1017 in
476 938 698 1014 Emendatt.
730 962 764 1015 c.
794 938 856 1012 12.
888 963 927 1037 p.
953 940 1047 1015 223.
1081 938 1197 1012 nullia
1221 937 1281 1013 uiri

149 1062 237 1140 aevi
261 1060 459 1136 deterioris
483 1058 606 1159 poetis
631 1058 674 1131 in
696 1081 773 1131 uru
804 1055 924 1132 furiare
957 1057 1033 1153 ait,
1071 1066 1117 1131 ut
1145 1056 1282 1133 marin

148 1183 297 1272 Ioron,
330 1176 461 1279 jaapie
496 1183 534 1252 et
564 1175 607 1250 id
636 1198 759 1277 genua
791 1175 864 1249 alia
888 1182 1090 1275 tamquam
1112 1174 1278 1272 biryihba

149 1297 373 1400 proferrent
426 1296 506 1371 Sed
530 1293 691 1369 fallitur!
716 1293 859 1370 Poetae
883 1293 989 1369 enim
1006 1293 1159 1387 Latini,
1183 1314 1276 1391 prou

150 1412 340 1519 ejusmodi
356 1413 558 1489 nominum
573 1412 762 1514 originem
780 1410 965 1487 Graecam
982 1420 1051 1488 eut
1066 1412 1274 1512 respicere!

151 1541 216 1610 aut
234 1532 489 1635 negligerent,
515 1555 562 1607 ea
581 1530 866 1630 pronuntiando
882 1530 1094 1607 variarunt.
1145 1527 1228 1623 Sic,
1247 1534 1276 1603 rt

150 1650 228 1727 hoe
251 1658 359 1743 utar,
386 1647 546 1727 Ovidius
571 1672 624 1725 ex
649 1651 760 1725 Pont.
786 1647 893 1723 Libr.
911 1649 943 1723 Ι.
968 1647 1077 1750 Eieg.
1093 1650 1132 1724 2.
1156 1673 1197 1725 v.
1212 1648 1276 1723 ’12.

152 1769 272 1865 „Aat
286 1768 384 1871 qaid
391 1771 651 1843 Sauromatae
657 1765 839 1866 faciant,
854 1765 1122 1868 patillazygea
1138 1769 1278 1856 αωοβ

153 1889 257 1965 idem
291 1895 422 1963 tamen
453 1886 571 1961 Trirt.
606 1885 716 1961 Libr.
739 1884 792 1960 II.
816 1911 856 1963 v.
886 1886 993 1962 191..
1030 1887 1280 1984 „Iazygart
1323 1940 1325 1953 .

158 2005 303 2099 coarat,
331 2010 577 2105 Metereapae
594 2004 712 2079 turbo
731 2003 987 2104 Getaequer“
1009 2028 1133 2101 quem
1146 2024 1282 2082 vomam

152 2124 352 2225 praecipiti
378 2121 519 2225 judicio
546 2126 703 2199 damnat
726 2132 840 2222 atque
864 2122 1166 2223 expungendum
1198 2119 1283 2195 aaut

156 2240 406 2319 Schradenn.
466 2242 566 2337 Quid
598 2243 704 2342 quod
730 2239 898 2340 Sulpicia
926 2264 1019 2316 arua
1051 2249 1112 2315 est
1136 2239 1285 2316 wilram

154 2361 196 2435 in
222 2359 338 2435 Satir.
364 2386 404 2437 v.
424 2361 483 2437 4.:
518 2362 639 2453 „Nec
664 2358 841 2434 triooetro
859 2358 993 2454 iambo
1015 2382 1090 2433 aee
1114 2355 1285 2461 praepedt

144 2479 314 2580 fructur
339 2481 474 2553 eodem
498 2478 670 2554 Fortiter
693 2475 819 2553 irasci
841 2475 1018 2553 dtdtottf‘
1069 2476 1198 2576 Atque
1220 2474 1287 2550 llo·

155 2598 274 2674 ratius
299 2597 340 2671 in
364 2597 451 2672 1..ἰί
472 2597 628 2673 nomine
652 2605 758 2678 tanto
780 2595 948 2671 securius
975 2593 1287 2692 confidentiusque

155 2724 306 2817 poterat
337 2715 529 2817 negligere
563 2716 749 2816 originem
774 2713 977 2809 Graecam,
1010 2722 1156 2813 quanto
1183 2712 1287 2815 magia

156 2836 251 2910 illud
276 2832 353 2935 jam
377 2860 450 2909 usu
474 2843 515 2908 et
539 2834 843 2932 pronuntiatione
860 2833 1075 2908 Romanum
1094 2830 1238 2909 facturn
1258 2838 1289 2906 et

156 2952 352 3030 Iuliorum
367 2951 520 3027 nomine
535 2950 797 3027 confirmatum
813 2952 1075 3051 aanmmmque
1088 2960 1183 3029 erat
1207 2950 1289 3027 Nan

157 3073 274 3147 etiam
291 3070 467 3172 virginus
486 3070 638 3169 scripsit
651 3070 807 3145 Aeneid.
823 3069 928 3145 Libr.
946 3070 979 3145 Ι.
998 3096 1038 3147 v.
1057 3072 1173 3147 288..
1197 3072 1289 3167 „Ju-

156 3188 256 3282 tiae,
296 3215 324 3261 α
358 3212 503 3284 magno
537 3187 748 3263 demissam
778 3213 921 3264 nomen
951 3190 1088 3266 Ialo.“
1148 3187 1212 3266 Ex
1240 3187 1289 3263 hia

157 3304 404 3383 manifestum
427 3306 493 3400 fit,
527 3306 694 3403 potuine
718 3307 815 3382 illud
838 3331 981 3383 nornen
1005 3307 1055 3381 ab
1079 3307 1236 3384 Horatio
1255 3310 1289 3378 ut

157 3424 388 3520 bieyllabum
421 3421 571 3518 efferri,
604 3432 644 3499 et
674 3424 717 3498 in
748 3448 818 3519 eo,
854 3451 932 3524 quo
966 3426 1016 3500 de
1041 3425 1186 3527 agitur,
1215 3427 1287 3502 loon

157 3544 302 3618 oletum
326 3565 422 3618 erae.
473 3541 568 3617 Inde
593 3550 722 3617 autem
746 3543 859 3617 simu
883 3544 1040 3623 evidens
1065 3552 1125 3621 eat
1150 3570 1195 3623 ae
1217 3567 1288 3620 cer·

158 3668 261 3755 tum,
312 3659 367 3738 M.
401 3660 558 3736 Antonii
592 3660 803 3738 Triunviri
834 3661 953 3737 filiurn
987 3670 1082 3739 natu
1113 3664 1287 3741 minorem

156 3780 315 3855 minime
338 3778 510 3872 latram,
537 3780 606 3854 aed
629 3781 765 3854 talam
788 3781 1020 3879 appellatum
1044 3780 1179 3857 furiose.
1225 3779 1287 3857 Ne·

156 3896 301 3971 minem
328 3895 432 3973 enim
457 3919 570 3995 spero
595 3894 770 3973 flatuum
794 3922 897 3994 esse,
931 3900 999 3998 qui
1023 3900 1099 3974 sibi
1125 3924 1150 3976 a
1172 3896 1287 3976 Peerl-

155 4011 313 4113 kampio
338 4014 559 4113 persuaderi
590 4015 757 4114 patiatur
764 4069 777 4111 ,
811 4019 915 4116 apud
938 4018 1142 4094 Horatium
1166 4043 1234 4120 pro
1253 4037 1286 4093 n·

154 4131 264 4226 lale,
290 4136 527 4232 repugnante
551 4131 633 4233 ipsa
654 4132 878 4229 Latinitate,
904 4136 1176 4237 corrigendam
1198 4159 1286 4214 earet

155 4247 251 4341 Ille,
278 4257 394 4349 atque
418 4249 538 4323 alimn
561 4249 851 4354 intelligendum
867 4254 1080 4331 Antonium
1102 4280 1129 4333 a
1148 4256 1287 4334 Trium·

154 4363 230 4441 vin·
251 4364 331 4441 filio
357 4368 566 4446 diversum.

259 4481 341 4559 Sed
356 4485 577 4588 ambiguum
592 4512 749 4589 quoque
766 4499 845 4588 est,
869 4491 946 4569 hoo
969 4516 1115 4570 nornen
1139 4490 1289 4570 mortuo

154 4597 255 4675 illiue
277 4599 435 4679 Antonii
459 4629 672 4707 cognomen
697 4632 748 4684 an
770 4607 1035 4710 praenomen?
1069 4610 1289 4690 scholiam

154 4717 319 4815 Horatii,
353 4718 484 4797 Acron
515 4732 555 4801 et
578 4725 842 4830 Porphyrion,
877 4731 929 4810 ed
952 4731 1119 4810 verbum
1143 4753 1291 4812 eonem·
