2686 5236
154 645 231 723 2⁰4
503 664 554 717 ns
580 664 718 717 cassio
745 642 967 717 rsausssr.

60 835 68 853 '
121 830 264 908 'Adde
298 854 430 905 remm
462 829 651 929 inopiam,
693 853 770 930 qua
810 853 903 905 eum
943 827 1090 929 quippe
1130 829 1308 906 sordidae

154 950 312 1052 originis
350 947 556 1050 juvenem,
590 958 796 1048 antequam
819 972 874 1023 cx
904 947 1071 1024 tenebris
1103 947 1146 1023 in
1188 951 1308 1026 solem

155 1081 194 1149 et
218 1071 419 1172 pulverem
444 1068 634 1168 prodiret,
669 1069 861 1144 laborasse
891 1066 1215 1145 verisimillimum
1238 1078 1306 1144 est.

154 1191 226 1267 Illa
251 1197 380 1264 antem
406 1188 568 1262 dadritari
592 1187 726 1286 nequit
750 1188 843 1287 quin
858 1188 941 1262 istis
966 1186 1196 1285 praesertim
1211 1196 1306 1264 tem-

151 1309 316 1410 poribus
348 1307 544 1407 ingenium
577 1302 661 1406 ejus
702 1314 840 1381 natura
878 1307 1094 1383 violenam
1133 1314 1180 1383 et
1219 1330 1304 1383 acre

154 1429 275 1528 magis
300 1426 507 1501 intenderit
533 1427 582 1500 ad
605 1426 852 1501 eluctandum
872 1425 1057 1525 quidquid
1081 1433 1185 1502 essct
1208 1426 1304 1503 vitae

96 1600 99 1604 -
155 1545 443 1638 diffiudtatum,
486 1545 555 1618 sed
590 1544 704 1619 simul
737 1545 906 1618 animum
946 1545 1237 1645 exasperaverit
1266 1555 1303 1621 et

154 1665 214 1741 ira
238 1666 406 1763 odioque
440 1663 610 1761 quodam
633 1663 839 1738 hominum
862 1662 1040 1740 efferar-it.
1099 1662 1304 1764 Propterea

153 1785 225 1861 vix
258 1785 407 1859 adultas
439 1783 540 1859 vitae
573 1781 769 1858 maleficae
801 1782 957 1858 infamia
990 1781 1156 1885 flagrare
1180 1784 1304 1885 coepit

155 1911 194 1980 et
218 1902 260 1977 in
285 1902 503 2002 aequalium
527 1902 615 1977 odia
639 1892 848 1977 inminere}
904 1902 1042 1976 Postea
1065 1925 1183 1997 vero,
1219 1926 1303 1979 orm

154 2021 360 2100 excellenti
385 2021 537 2129 ingenio
562 2021 813 2119 doctrinaque
829 2027 957 2095 orator
974 2018 1180 2117 evasisset,
1205 2023 1303 2097 mul·

153 2149 302 2232 torum,
344 2165 442 2238 quos
475 2139 634 2215 subinde
669 2140 779 2243 dictis
819 2139 1043 2239 scriptisque
1075 2140 1302 2236 irritaverat,

153 2258 362 2335 inimicitiis
388 2280 591 2356 oppressus
615 2258 670 2334 sic
694 2257 891 2352 occarbuit,
925 2265 971 2332 ut
994 2258 1149 2360 grandis
1172 2262 1303 2337 admo-

42 2453 47 2463 ,
154 2378 250 2453 duim
273 2377 462 2475 inopsque
487 2401 610 2453 senex
634 2385 673 2454 et
697 2378 818 2481 petria
843 2376 1012 2454 extorris
1036 2378 1077 2454 in
1101 2381 1209 2457 saxis
1233 2379 1302 2459 Se·

153 2496 288 2600 riphiis
314 2495 451 2572 obiret.

608 2784 611 2789 .
680 2710 777 2800 §.60

256 2863 412 2951 Praeter
445 2861 634 2938 orationes
668 2886 691 2938 a
731 2861 842 2938 nobis
876 2860 956 2964 jam
990 2871 1304 2939 commemoratas

152 2982 273 3059 multa
306 2983 378 3055 alia
413 2983 510 3058 varii
545 2983 693 3084 generis
727 2983 776 3056 ab
811 3007 858 3058 eo
891 2983 1102 3083 composita
1127 2982 1305 3083 editaque

153 3122 241 3175 esse
267 3123 407 3198 opera,
451 3124 539 3174 uun
570 3126 642 3200 per
672 3125 715 3177 se
748 3078 929 3177 credibile
965 3110 1044 3197 est,
1080 3109 1168 3176 tum
1194 3103 1304 3178 etiam

155 3219 268 3294 certis
294 3225 492 3293 auctorum
516 3220 741 3295 testimoniis
758 3223 952 3322 cognitum
976 3219 1179 3296 habemus.
1224 3220 1305 3296 Pri·

50 3366 63 3389 ν
153 3360 261 3412 mum
296 3337 467 3412 animum
502 3340 664 3414 advertit
704 3348 880 3414 nostrum
912 3341 1007 3415 illud
1043 3365 1162 3438 opus,
1205 3339 1305 3440 quod

154 3457 340 3556 allegatur
365 3479 388 3530 a
412 3456 598 3532 Diomede
630 3456 738 3532 Libr.
762 3458 794 3532 Ι.
819 3485 859 3557 p.
881 3462 968 3534 370.
993 3459 1037 3533 P.
1089 3459 1305 3554 „Adolesco

155 3576 319 3650 adolevit
343 3573 455 3669 facit,
487 3600 577 3650 nam
603 3574 784 3677 Virgilian
809 3578 863 3652 sic
888 3579 1067 3672 declinat,
1093 3603 1197 3653 mox
1221 3602 1306 3652 mam

151 3706 316 3770 maura
357 3693 571 3769 adoleverit
613 3706 740 3770 aetus.
810 3696 961 3772 Tamen
1003 3698 1134 3772 adolui
1174 3697 1307 3775 volunt

154 3814 311 3915 quidam
342 3813 384 3887 in
419 3806 604 3890 sacrificio
641 3815 738 3909 dici,
784 3821 823 3890 et
856 3817 991 3892 venire
1017 3818 1066 3890 ab
1093 3839 1165 3910 eo,
1206 3814 1305 3915 qnod

153 3941 233 4026 est,
270 3933 419 4009 adoleo.
479 3932 558 4008 Sed
584 3942 623 4008 ot
646 3935 687 4008 in
713 3933 895 4009 sacrificio
921 3934 1053 4010 Actius
1079 3934 1236 4010 Cassius
1260 3933 1304 4008 ad

154 4052 358 4128 'l'iberisnn
390 4053 581 4146 secundo,
627 4053 795 4128 adolevit
829 4054 940 4128 dixit.
1001 4053 1064 4128 Sic
1096 4066 1136 4127 et
1168 4040 1304 4128 contro

158 4169 359 4271 Aegyptiis
383 4168 605 4244 manum
630 4170 890 4270 sucrificium,
916 4172 987 4247 ati
1006 4171 1212 4269 integrum
1235 4196 1304 4246 aa·

155 4314 280 4366 mua
296 4290 597 4363 adolevmuass
630 4289 776 4364 Eadem
795 4291 844 4365 de
862 4317 901 4367 v.
919 4293 1142 4366 adolescere
1159 4290 1303 4392 profert

155 4406 370 4483 Priscianus
392 4407 500 4481 Libr.
515 4407 584 4480 IX.
611 4432 651 4508 p.
668 4411 758 4484 872.
784 4409 827 4483 P.
835 4462 848 4505 ,
884 4410 952 4483 ubi
980 4410 1166 4486 Krehlius
1194 4437 1228 4487 c.
1249 4412 1302 4484 10.

5 4549 8 4559 ·
152 4521 271 4635 §.533
295 4526 409 4602 Tom.
422 4525 454 4599 1.
480 4552 518 4626 p.
535 4528 625 4602 468.
652 4529 790 4603 edidit:
826 4528 1004 4623 „Cassius
1030 4530 1079 4602 ad
1108 4529 1304 4606 Tiberium

13 4666 19 4677 ·
154 4644 344 4721 secundos
383 4644 444 4719 At
477 4659 616 4722 contra
639 4646 853 4748 Aegyptios
886 4645 1129 4746 sacrificium
1154 4649 1228 4724 ubi
1249 4647 1304 4722 ia·

150 4776 308 4863 tagram
333 4788 516 4841 aarum
531 4767 809 4844 udolmat.“
860 4766 968 4862 Quae
984 4765 1176 4844 Prisciani
1191 4766 1305 4848 verba
