2686 5236
156 648 234 727 260
498 669 549 723 cs
575 668 713 723 clauc
735 669 957 723 mmm!-

156 840 267 937 patra
286 833 341 909 ad
361 833 580 910 Taenaaun
604 834 762 933 appulso
778 833 1019 927 nuntiarent,
1044 835 1214 911 classem
1226 860 1302 912 esse

157 953 416 1055 profligatam,
450 955 520 1028 sed
555 960 756 1029 terrestres
787 954 917 1053 copias
941 954 1120 1029 arbitrari
1145 980 1193 1032 se
1218 982 1300 1032 con·

158 1080 270 1148 stare.
322 1071 419 1146 Cum
444 1072 612 1147 Antonio
637 1073 679 1146 in
703 1071 922 1173 Aegyptum
947 1097 1000 1148 ex
1025 1074 1135 1148 clade
1156 1075 1300 1151 Actiaca

158 1215 335 1269 reversus
370 1198 408 1266 et
440 1190 731 1265 familiarissime
754 1187 998 1291 conjunctus,
1021 1200 1181 1287 minen,
1224 1220 1300 1270 urm

158 1312 299 1385 iterum
323 1310 439 1410 legati
471 1310 735 1404 mitterentur,
773 1310 822 1383 ab
857 1334 926 1404 eo,
969 1312 1011 1384 in
1044 1308 1159 1411 cujus
1193 1311 1300 1387 fidem

158 1436 198 1505 et
242 1429 457 1503 clientelam
492 1450 533 1502 se
577 1428 839 1521 conuniserat,
887 1428 1090 1526 perfidiose
1132 1428 1299 1531 objectu

157 1554 217 1624 est
259 1548 339 1621 irae
388 1554 428 1620 et
466 1571 613 1645 paenae
656 1546 824 1621 Caesaris
866 1546 1063 1623 Octaviani
1108 1557 1152 1623 et
1193 1547 1297 1651 hujus

157 1663 265 1770 jussu
299 1690 322 1742 a
362 1666 545 1742 militibus
581 1666 864 1741 contancidatus
902 1667 943 1740 in
983 1668 1110 1740 insilia
1158 1668 1218 1742 Co
1256 1668 1297 1741 ul

157 1785 367 1883 Aesculapii
390 1786 541 1874 lucum,
568 1782 676 1886 cuijus
700 1808 879 1886 magnam
903 1792 1048 1885 partem
1074 1786 1173 1860 olim
1199 1784 1298 1861 classi

156 1902 370 2004 praelectus
403 1906 450 1977 au
485 1903 721 1979 faluicauslas
755 1928 876 1980 naves
912 1904 1140 1979 succiderat.
1211 1904 1298 1978 Eam

156 2048 241 2097 rem
273 2047 344 2098 suo
376 2046 486 2096 more
522 2032 672 2097 enauat
704 2022 878 2097 Valerius
911 2024 1099 2099 Maximus
1131 2022 1244 2096 Libr.
1270 2022 1295 2095 l.

158 2164 191 2217 e.
216 2148 250 2213 l.
276 2166 316 2213 n.
337 2142 425 2215 la:
468 2141 581 2230 „Nec
612 2141 747 2215 suiuus
778 2141 936 2245 efficax
969 2154 1192 2217 contactae
1215 2140 1298 2217 rali-

152 2256 285 2354 giouis
309 2297 361 2314 -
385 2258 671 2358 Aesculapius,
698 2258 769 2360 qui
781 2272 1046 2335 consecratum
1063 2265 1215 2363 teraplo
1234 2286 1298 2337 aaa

157 2378 289 2451 maan
320 2404 348 2451 a
388 2376 590 2471 Turullio,
624 2380 831 2477 prcuffecto
864 2378 1053 2471 Antonii,
1100 2384 1160 2454 ad
1184 2408 1297 2456 nassa

156 2494 197 2570 ei
214 2494 458 2594 faciendas,
501 2522 651 2591 magna
685 2522 738 2570 ca
767 2511 885 2597 parte
926 2497 1120 2572 naisum
1156 2503 1296 2591 dolens,

155 2612 259 2689 inter
294 2614 426 2715 a'psism
450 2615 655 2714 affinium
689 2614 950 2689 aainisteriuna
982 2616 1145 2692 desu'rlis
1172 2619 1297 2720 parti-

157 2733 228 2808 bus
263 2733 451 2825 Antonii,
496 2732 660 2833 ifnrpcrio
692 2734 875 2811 Caesaris
908 2734 1153 2811 destinatum
1187 2738 1299 2814 ascai

161 2853 407 2945 Turullium,
433 2852 656 2951 anstnffcslis
681 2853 856 2927 causianis
881 2853 946 2927 sui
966 2852 1119 2929 uiribus
1146 2884 1235 2933 essm
1258 2859 1294 2932 iu

156 2973 304 3063 lacurn,
331 2998 445 3072 quiem
468 2971 709 3063 caelaverat,
743 2973 873 3047 traxit
879 3027 893 3063 ,
921 2973 1149 3077 effecitque,
1177 2991 1223 3052 ut
1247 2975 1297 3052 un·

154 3089 402 3190 potissimum
439 3117 467 3161 a
499 3089 690 3164 militibus
719 3091 966 3166 Caesarianis
992 3094 1143 3167 accim
1170 3098 1293 3170 eodem

155 3206 275 3282 exili)
309 3218 347 3281 cl
381 3207 524 3282 eversis
555 3210 641 3302 iam
675 3210 882 3283 siricarius
917 3236 1072 3311 poenas
1106 3216 1232 3288 lucret
1261 3224 1292 3286 el

155 3326 286 3401 udliuc
332 3327 610 3427 superantibus
650 3326 939 3403 immun-itatem
982 3331 1201 3407 emasunilis
1238 3333 1290 3407 iu·

151 3444 287 3540 iuriae
309 3451 510 3544 prirerel.“
562 3445 777 3520 Turullium
811 3450 976 3522 occisum
1001 3472 1086 3524 esse
1112 3452 1157 3526 in
1180 3454 1288 3527 insula

155 3562 230 3655 Co,
279 3566 477 3663 perspicue
511 3571 668 3637 testatur
700 3566 772 3638 llio
808 3566 958 3640 Cassius
992 3592 1025 3641 c.
1065 3571 1124 3664 8.,
1172 3572 1236 3670 quai
1258 3576 1288 3643 at

152 3680 300 3781 ipsein
325 3682 396 3758 hac
422 3685 537 3758 caede
564 3685 729 3781 elisatam
753 3686 918 3759 numinis
950 3687 1031 3761 vim
1061 3690 1286 3789 agrioscitt).

153 3800 266 3876 Facta
300 3811 430 3877 autem
464 3804 620 3877 videtur
644 3804 707 3875 illa
734 3804 895 3876 Turullii
921 3808 1056 3880 cacales
1083 3810 1157 3882 sub
1183 3810 1286 3883 linem

153 3919 288 3994 lriemis
315 3946 416 3995 anno
442 3923 487 3995 U.
506 3920 548 3994 C.
566 3922 653 3993 724.
705 3922 799 3995 Nam
824 3925 1010 3997 slrltonius
1030 3948 1120 3999 carm
1145 3952 1197 4003 ne
1215 3928 1286 4000 Tu-

151 4038 267 4115 rullio
293 4042 448 4139 (pridem
483 4042 530 4113 ad
560 4064 723 4137 poenam
759 4037 911 4139 olljccto
938 4040 1192 4122 Octavianum
1214 4047 1285 4145 pla·

152 4165 280 4232 catum
317 4161 487 4251 videret,
530 4183 617 4232 carm
659 4160 781 4232 multo
818 4184 912 4233 altro
952 4162 1056 4234 misit
1096 4166 1285 4261 Antyllum

151 4274 271 4349 filium
297 4275 456 4379 ejussule
481 4278 723 4378 magistrum,
758 4276 1052 4376 Euphroniums·
1088 4308 1190 4380 quae
1214 4282 1286 4382 qui·

153 4394 242 4467 ‹lem
287 4396 423 4496 legatio
466 4399 574 4471 tertia
617 4420 740 4494 eaque
781 4406 972 4496 postrema
1005 4402 1155 4498 pariter
1194 4403 1285 4476 irrita

238 4670 292 4740 46)
319 4666 457 4729 Eandem
486 4692 548 4730 rem
579 4669 635 4730 lucc
663 4674 778 4734 nomine
804 4676 903 4753 attigit
929 4671 1100 4737 Lactantius
1131 4674 1284 4738 instilis.

148 4751 235 4817 Liar.
250 4751 292 4816 ll.
315 4760 385 4816 cti.
409 4756 437 4831 ς.
457 4762 509 4817 17.
530 4779 560 4832 p.
577 4763 650 4818 212.
666 4756 707 4819 Β.
