<?xml version="1.0" encoding="UTF-8"?>
<!DOCTYPE html PUBLIC "-//W3C//DTD XHTML 1.0 Transitional//EN"
    "http://www.w3.org/TR/xhtml1/DTD/xhtml1-transitional.dtd">
<html xmlns="http://www.w3.org/1999/xhtml" xml:lang="en" lang="en">
 <head>
  <title>
</title>
<meta http-equiv="Content-Type" content="text/html;charset=utf-8" />
  <meta name='ocr-system' content='tesseract 3.04.00' />
  <meta name='ocr-capabilities' content='ocr_page ocr_carea ocr_par ocr_line ocrx_word'/>
</head>
<body>
  <div class='ocr_page' id='page_1' title='image "./deluciivariietc00weicgoog_0371.png"; bbox 0 0 2670 5294; ppageno 0'>
   <div class='ocr_carea' id='block_1_1' title="bbox 492 261 1200 340">
    <p class='ocr_par' dir='ltr' id='par_1_1' title="bbox 492 261 1200 340">
     <span class='ocr_line' id='line_1_1' title="bbox 492 261 1200 340; baseline 0.001 -3"><span class='ocrx_word' id='word_1_1' title='bbox 492 284 697 337; x_wconf 73' lang='lat' dir='ltr'><strong>excussus</strong></span> <span class='ocrx_word' id='word_1_2' title='bbox 724 284 764 336; x_wconf 85' lang='lat' dir='ltr'><strong>v.</strong></span> <span class='ocrx_word' id='word_1_3' title='bbox 1124 261 1200 340; x_wconf 79' lang='lat'><strong>349</strong></span> 
     </span>
    </p>
   </div>
   <div class='ocr_carea' id='block_1_2' title="bbox 85 445 1201 1144">
    <p class='ocr_par' dir='ltr' id='par_1_2' title="bbox 85 445 1201 1144">
     <span class='ocr_line' id='line_1_2' title="bbox 85 445 1200 541; baseline 0 -16"><span class='ocrx_word' id='word_1_4' title='bbox 85 472 155 525; x_wconf 89' lang='lat' dir='ltr'><strong>uae</strong></span> <span class='ocrx_word' id='word_1_5' title='bbox 180 472 347 541; x_wconf 84' lang='lat' dir='ltr'><strong>sorores,</strong></span> <span class='ocrx_word' id='word_1_6' title='bbox 382 446 567 525; x_wconf 85' lang='lat' dir='ltr'><strong>Octaviae</strong></span> <span class='ocrx_word' id='word_1_7' title='bbox 598 447 766 523; x_wconf 91' lang='lat' dir='ltr'><strong>nomine.</strong></span> <span class='ocrx_word' id='word_1_8' title='bbox 826 446 922 523; x_wconf 82' lang='lat' dir='ltr'><strong>Nem</strong></span> <span class='ocrx_word' id='word_1_9' title='bbox 947 447 990 523; x_wconf 84' lang='lat' dir='ltr'><strong>C.</strong></span> <span class='ocrx_word' id='word_1_10' title='bbox 1017 445 1200 526; x_wconf 87' lang='lat' dir='ltr'><strong>Octavius</strong></span> 
     </span>
     <span class='ocr_line' id='line_1_3' title="bbox 85 564 1200 673; baseline -0.003 -29"><span class='ocrx_word' id='word_1_11' title='bbox 85 579 166 673; x_wconf 76' lang='lat' dir='ltr'><strong>uter</strong></span> <span class='ocrx_word' id='word_1_12' title='bbox 203 592 253 643; x_wconf 87' lang='lat' dir='ltr'><strong>ex</strong></span> <span class='ocrx_word' id='word_1_13' title='bbox 296 567 426 667; x_wconf 88' lang='lat' dir='ltr'><strong>priore</strong></span> <span class='ocrx_word' id='word_1_14' title='bbox 461 564 642 669; x_wconf 78' lang='lat' dir='ltr'><strong>conjuge,</strong></span> <span class='ocrx_word' id='word_1_15' title='bbox 682 566 915 658; x_wconf 78' lang='grc' dir='ltr'><strong><em>Ανιαίιανία,</em></strong></span> <span class='ocrx_word' id='word_1_16' title='bbox 953 568 1105 643; x_wconf 89' lang='lat' dir='ltr'><strong>unicam</strong></span> <span class='ocrx_word' id='word_1_17' title='bbox 1139 576 1200 643; x_wconf 88' lang='lat' dir='ltr'><strong>tu·</strong></span> 
     </span>
     <span class='ocr_line' id='line_1_4' title="bbox 85 684 1199 782; baseline 0 -20"><span class='ocrx_word' id='word_1_18' title='bbox 85 695 153 763; x_wconf 80' lang='lat' dir='ltr'><strong>unt</strong></span> <span class='ocrx_word' id='word_1_19' title='bbox 185 687 322 780; x_wconf 87' lang='lat' dir='ltr'><strong>filiam,</strong></span> <span class='ocrx_word' id='word_1_20' title='bbox 358 684 577 779; x_wconf 82' lang='lat' dir='ltr'><strong>Octaviam,</strong></span> <span class='ocrx_word' id='word_1_21' title='bbox 613 694 651 761; x_wconf 87' lang='lat' dir='ltr'><strong>et</strong></span> <span class='ocrx_word' id='word_1_22' title='bbox 683 710 736 761; x_wconf 83' lang='lat' dir='ltr'><strong>ex</strong></span> <span class='ocrx_word' id='word_1_23' title='bbox 761 685 884 779; x_wconf 80' lang='lat' dir='ltr'><strong>Atia,</strong></span> <span class='ocrx_word' id='word_1_24' title='bbox 920 688 1034 763; x_wconf 88' lang='lat' dir='ltr'><strong>altera</strong></span> <span class='ocrx_word' id='word_1_25' title='bbox 1065 712 1199 782; x_wconf 69' lang='lat' dir='ltr'><strong>rurore,</strong></span> 
     </span>
     <span class='ocr_line' id='line_1_5' title="bbox 85 804 1201 906; baseline -0.003 -23"><span class='ocrx_word' id='word_1_26' title='bbox 85 830 150 883; x_wconf 90' lang='lat' dir='ltr'><strong>em</strong></span> <span class='ocrx_word' id='word_1_27' title='bbox 171 805 288 880; x_wconf 86' lang='lat' dir='ltr'><strong>liliam</strong></span> <span class='ocrx_word' id='word_1_28' title='bbox 304 806 425 881; x_wconf 91' lang='lat' dir='ltr'><strong>sorori</strong></span> <span class='ocrx_word' id='word_1_29' title='bbox 444 805 707 906; x_wconf 80' lang='lat' dir='ltr'><strong>cognominem</strong></span> <span class='ocrx_word' id='word_1_30' title='bbox 723 814 764 879; x_wconf 87' lang='lat' dir='ltr'><strong>et</strong></span> <span class='ocrx_word' id='word_1_31' title='bbox 779 806 935 880; x_wconf 76' lang='lat' dir='ltr'><strong>rmieum</strong></span> <span class='ocrx_word' id='word_1_32' title='bbox 952 804 1073 880; x_wconf 89' lang='lat' dir='ltr'><strong>lilium</strong></span> <span class='ocrx_word' id='word_1_33' title='bbox 1090 831 1201 882; x_wconf 90' lang='lat' dir='ltr'><strong>eum·</strong></span> 
     </span>
     <span class='ocr_line' id='line_1_6' title="bbox 85 923 1200 1019; baseline -0.001 -20"><span class='ocrx_word' id='word_1_34' title='bbox 85 950 132 1001; x_wconf 89' lang='lat' dir='ltr'><strong>ue</strong></span> <span class='ocrx_word' id='word_1_35' title='bbox 149 926 322 1002; x_wconf 90' lang='lat' dir='ltr'><strong>omnium</strong></span> <span class='ocrx_word' id='word_1_36' title='bbox 337 926 548 999; x_wconf 90' lang='lat' dir='ltr'><strong>liberorum</strong></span> <span class='ocrx_word' id='word_1_37' title='bbox 563 931 657 998; x_wconf 89' lang='lat' dir='ltr'><strong>natu</strong></span> <span class='ocrx_word' id='word_1_38' title='bbox 676 923 899 1019; x_wconf 89' lang='lat' dir='ltr'><strong>minimum,</strong></span> <span class='ocrx_word' id='word_1_39' title='bbox 926 923 970 998; x_wconf 85' lang='lat' dir='ltr'><strong>G.</strong></span> <span class='ocrx_word' id='word_1_40' title='bbox 988 923 1200 1018; x_wconf 74' lang='lat' dir='ltr'><strong>Octaviam,</strong></span> 
     </span>
     <span class='ocr_line' id='line_1_7' title="bbox 85 1039 1199 1144; baseline -0.004 -23"><span class='ocrx_word' id='word_1_41' title='bbox 85 1045 214 1121; x_wconf 85' lang='lat' dir='ltr'><strong>osthac</strong></span> <span class='ocrx_word' id='word_1_42' title='bbox 230 1043 428 1119; x_wconf 85' lang='lat' dir='ltr'><strong>Caesarem</strong></span> <span class='ocrx_word' id='word_1_43' title='bbox 450 1042 712 1119; x_wconf 81' lang='lat' dir='ltr'><strong>Octavianum.</strong></span> <span class='ocrx_word' id='word_1_44' title='bbox 763 1044 891 1117; x_wconf 80' lang='lat' dir='ltr'><strong>Altera</strong></span> <span class='ocrx_word' id='word_1_45' title='bbox 909 1043 1023 1144; x_wconf 86' lang='lat' dir='ltr'><strong>igitur</strong></span> <span class='ocrx_word' id='word_1_46' title='bbox 1042 1039 1199 1120; x_wconf 86' lang='lat' dir='ltr'><strong>Octavia</strong></span> 
     </span>
    </p>
   </div>
   <div class='ocr_carea' id='block_1_3' title="bbox 85 1161 1209 4370">
    <p class='ocr_par' dir='ltr' id='par_1_3' title="bbox 85 1161 1209 4370">
     <span class='ocr_line' id='line_1_8' title="bbox 85 1161 1202 1267; baseline 0 -30"><span class='ocrx_word' id='word_1_47' title='bbox 85 1166 127 1239; x_wconf 80' lang='lat' dir='ltr'><strong>rit</strong></span> <span class='ocrx_word' id='word_1_48' title='bbox 151 1185 350 1267; x_wconf 87' lang='lat' dir='ltr'><strong>germana,</strong></span> <span class='ocrx_word' id='word_1_49' title='bbox 377 1164 495 1238; x_wconf 84' lang='lat' dir='ltr'><strong>altera</strong></span> <span class='ocrx_word' id='word_1_50' title='bbox 513 1163 665 1237; x_wconf 87' lang='lat' dir='ltr'><strong>uterina</strong></span> <span class='ocrx_word' id='word_1_51' title='bbox 689 1186 800 1237; x_wconf 86' lang='lat' dir='ltr'><strong>soror</strong></span> <span class='ocrx_word' id='word_1_52' title='bbox 817 1162 986 1237; x_wconf 78' lang='lat' dir='ltr'>Caesaris</span> <span class='ocrx_word' id='word_1_53' title='bbox 1005 1161 1202 1240; x_wconf 85' lang='lat' dir='ltr'><strong>Octaviani</strong></span> 
     </span>
     <span class='ocr_line' id='line_1_9' title="bbox 85 1281 1201 1378; baseline -0.003 -20"><span class='ocrx_word' id='word_1_54' title='bbox 85 1281 278 1358; x_wconf 79' lang='lat' dir='ltr'><strong>&#39;rirrmviri</strong></span> <span class='ocrx_word' id='word_1_55' title='bbox 339 1282 615 1375; x_wconf 72' lang='lat' dir='ltr'><strong>Quaerentibus</strong></span> <span class='ocrx_word' id='word_1_56' title='bbox 647 1282 777 1373; x_wconf 87' lang='lat' dir='ltr'><strong>nobis,</strong></span> <span class='ocrx_word' id='word_1_57' title='bbox 799 1290 896 1355; x_wconf 87' lang='lat' dir='ltr'><strong>utra</strong></span> <span class='ocrx_word' id='word_1_58' title='bbox 922 1291 1006 1355; x_wconf 90' lang='lat' dir='ltr'><strong>tum</strong></span> <span class='ocrx_word' id='word_1_59' title='bbox 1030 1281 1201 1378; x_wconf 81' lang='lat' dir='ltr'><strong>nupserit</strong></span> 
     </span>
     <span class='ocr_line' id='line_1_10' title="bbox 85 1400 1201 1497; baseline -0.001 -22"><span class='ocrx_word' id='word_1_60' title='bbox 85 1402 109 1477; x_wconf 93' lang='lat' dir='ltr'><strong>l.</strong></span> <span class='ocrx_word' id='word_1_61' title='bbox 126 1401 317 1493; x_wconf 79' lang='lat' dir='ltr'><strong>Antonio,</strong></span> <span class='ocrx_word' id='word_1_62' title='bbox 347 1400 511 1475; x_wconf 83' lang='lat' dir='ltr'><strong>occurrit</strong></span> <span class='ocrx_word' id='word_1_63' title='bbox 536 1400 782 1493; x_wconf 79' lang='lat' dir='ltr'><strong>Plutarchus,</strong></span> <span class='ocrx_word' id='word_1_64' title='bbox 809 1401 877 1497; x_wconf 90' lang='lat' dir='ltr'><strong>qui</strong></span> <span class='ocrx_word' id='word_1_65' title='bbox 902 1426 936 1475; x_wconf 89' lang='lat' dir='ltr'><strong>o.</strong></span> <span class='ocrx_word' id='word_1_66' title='bbox 955 1401 1031 1493; x_wconf 70' lang='lat'><strong>31„</strong></span> <span class='ocrx_word' id='word_1_67' title='bbox 1057 1401 1126 1473; x_wconf 89' lang='lat' dir='ltr'><strong>uhi</strong></span> <span class='ocrx_word' id='word_1_68' title='bbox 1151 1401 1201 1474; x_wconf 86' lang='lat' dir='ltr'><strong>de</strong></span> 
     </span>
     <span class='ocr_line' id='line_1_11' title="bbox 85 1518 1198 1618; baseline -0.004 -23"><span class='ocrx_word' id='word_1_69' title='bbox 85 1522 212 1595; x_wconf 77' lang='lat' dir='ltr'><strong>»edere</strong></span> <span class='ocrx_word' id='word_1_70' title='bbox 227 1518 455 1594; x_wconf 84' lang='lat' dir='ltr'><strong>Brundisino</strong></span> <span class='ocrx_word' id='word_1_71' title='bbox 474 1519 570 1618; x_wconf 86' lang='lat' dir='ltr'><strong>agit,</strong></span> <span class='ocrx_word' id='word_1_72' title='bbox 596 1518 688 1593; x_wconf 87' lang='lat' dir='ltr'><strong>satis</strong></span> <span class='ocrx_word' id='word_1_73' title='bbox 712 1520 912 1617; x_wconf 88' lang='lat' dir='ltr'><strong>perspicue</strong></span> <span class='ocrx_word' id='word_1_74' title='bbox 936 1518 1031 1595; x_wconf 88' lang='lat' dir='ltr'><strong>haec</strong></span> <span class='ocrx_word' id='word_1_75' title='bbox 1055 1520 1198 1617; x_wconf 74' lang='lat' dir='ltr'><strong>proditz</strong></span> 
     </span>
     <span class='ocr_line' id='line_1_12' title="bbox 85 1626 1202 1722; baseline -0.003 -19"><span class='ocrx_word' id='word_1_76' title='bbox 85 1628 158 1703; x_wconf 74' lang='grc' dir='ltr'><strong>ἀὕτ’</strong></span> <span class='ocrx_word' id='word_1_77' title='bbox 177 1630 263 1717; x_wconf 72' lang='grc' dir='ltr'><strong><em>ἔχειν</em></strong></span> <span class='ocrx_word' id='word_1_78' title='bbox 281 1635 389 1713; x_wconf 81' lang='grc' dir='ltr'><strong><em>καλῶς</em></strong></span> <span class='ocrx_word' id='word_1_79' title='bbox 409 1637 553 1700; x_wconf 65' lang='lat' dir='ltr'><strong>luscum</strong></span> <span class='ocrx_word' id='word_1_80' title='bbox 580 1632 728 1712; x_wconf 82' lang='grc' dir='ltr'><strong><em>πίστεως</em></strong></span> <span class='ocrx_word' id='word_1_81' title='bbox 749 1632 857 1700; x_wconf 78' lang='grc' dir='ltr'><strong><em>ἐδεῖτο</em></strong></span> <span class='ocrx_word' id='word_1_82' title='bbox 883 1634 1132 1722; x_wconf 76' lang='grc' dir='ltr'><strong><em>σφοδροτέρας,</em></strong></span> <span class='ocrx_word' id='word_1_83' title='bbox 1162 1626 1202 1722; x_wconf 66' lang='grc' dir='ltr'><strong>ἣν</strong></span> 
     </span>
     <span class='ocr_line' id='line_1_13' title="bbox 98 1728 1199 1824; baseline 0 -21"><span class='ocrx_word' id='word_1_84' title='bbox 98 1736 179 1824; x_wconf 78' lang='grc' dir='ltr'><strong><em>τίχνγ</em></strong></span> <span class='ocrx_word' id='word_1_85' title='bbox 201 1734 378 1824; x_wconf 83' lang='grc' dir='ltr'><strong><em>παρέσχεν.</em></strong></span> <span class='ocrx_word' id='word_1_86' title='bbox 420 1732 578 1820; x_wconf 71' lang='grc' dir='ltr'><strong><em>Ὀκταβία</em></strong></span> <span class='ocrx_word' id='word_1_87' title='bbox 592 1734 655 1824; x_wconf 85' lang='grc' dir='ltr'><strong>γὰρ</strong></span> <span class='ocrx_word' id='word_1_88' title='bbox 672 1728 711 1823; x_wconf 80' lang='grc' dir='ltr'><strong>ἦν</strong></span> <span class='ocrx_word' id='word_1_89' title='bbox 728 1729 878 1824; x_wconf 69' lang='grc' dir='ltr'><strong>ἀδελφὴ,</strong></span> <span class='ocrx_word' id='word_1_90' title='bbox 899 1736 1109 1824; x_wconf 78' lang='grc' dir='ltr'><strong><em>πρεσβυτέρα</em></strong></span> <span class='ocrx_word' id='word_1_91' title='bbox 1128 1738 1199 1821; x_wconf 78' lang='grc' dir='ltr'><strong><em>μὲν,</em></strong></span> 
     </span>
     <span class='ocr_line' id='line_1_14' title="bbox 85 1830 1201 1927; baseline -0.001 -20"><span class='ocrx_word' id='word_1_92' title='bbox 85 1864 99 1921; x_wconf 73' lang='grc' dir='ltr'><strong><em>ς</em></strong></span> <span class='ocrx_word' id='word_1_93' title='bbox 121 1833 310 1924; x_wconf 78' lang='grc' dir='ltr'><strong><em>ὁμομητρία</em></strong></span> <span class='ocrx_word' id='word_1_94' title='bbox 332 1836 370 1905; x_wconf 82' lang='grc' dir='ltr'><strong>δὲ</strong></span> <span class='ocrx_word' id='word_1_95' title='bbox 390 1835 561 1923; x_wconf 86' lang='grc' dir='ltr'><strong><em>Καίσαρι·</em></strong></span> <span class='ocrx_word' id='word_1_96' title='bbox 592 1835 735 1925; x_wconf 76' lang='grc' dir='ltr'><strong><em>ἐγεγόνει</em></strong></span> <span class='ocrx_word' id='word_1_97' title='bbox 760 1835 823 1924; x_wconf 82' lang='grc' dir='ltr'><strong>γὰρ</strong></span> <span class='ocrx_word' id='word_1_98' title='bbox 852 1836 889 1917; x_wconf 80' lang='grc' dir='ltr'><strong>ἐξ</strong></span> <span class='ocrx_word' id='word_1_99' title='bbox 903 1830 1096 1927; x_wconf 77' lang='grc' dir='ltr'><strong><em>Ἀγχαρίας,</em></strong></span> <span class='ocrx_word' id='word_1_100' title='bbox 1129 1833 1201 1906; x_wconf 73' lang='lat' dir='ltr'><strong>‹io’</strong></span> 
     </span>
     <span class='ocr_line' id='line_1_15' title="bbox 85 1932 1202 2031; baseline -0.002 -21"><span class='ocrx_word' id='word_1_101' title='bbox 85 1964 196 2029; x_wconf 81' lang='grc' dir='ltr'><strong><em>περον</em></strong></span> <span class='ocrx_word' id='word_1_102' title='bbox 211 1934 393 2020; x_wconf 55' lang='lat' dir='ltr'><strong>igi-larice.</strong></span> <span class='ocrx_word' id='word_1_103' title='bbox 417 1932 569 2029; x_wconf 81' lang='grc' dir='ltr'><strong><em>Ἔατεργε</em></strong></span> <span class='ocrx_word' id='word_1_104' title='bbox 583 1933 614 2007; x_wconf 70' lang='grc' dir='ltr'><strong>δ’</strong></span> <span class='ocrx_word' id='word_1_105' title='bbox 630 1934 812 2031; x_wconf 75' lang='grc' dir='ltr'><strong><em>ὑπερφυῶς</em></strong></span> <span class='ocrx_word' id='word_1_106' title='bbox 828 1938 887 2027; x_wconf 77' lang='grc' dir='ltr'><strong>τὴν</strong></span> <span class='ocrx_word' id='word_1_107' title='bbox 905 1934 1070 2029; x_wconf 67' lang='grc' dir='ltr'><strong>ἀδελφὴν,</strong></span> <span class='ocrx_word' id='word_1_108' title='bbox 1093 1946 1202 2030; x_wconf 72' lang='grc' dir='ltr'><strong><em>χρῆμα</em></strong></span> 
     </span>
     <span class='ocr_line' id='line_1_16' title="bbox 85 2036 1200 2131; baseline -0.001 -22"><span class='ocrx_word' id='word_1_109' title='bbox 85 2039 270 2127; x_wconf 84' lang='grc' dir='ltr'><strong><em>αομαστόν,</em></strong></span> <span class='ocrx_word' id='word_1_110' title='bbox 301 2036 347 2121; x_wconf 86' lang='grc' dir='ltr'><strong>ὡς</strong></span> <span class='ocrx_word' id='word_1_111' title='bbox 376 2042 525 2129; x_wconf 80' lang='grc' dir='ltr'><strong><em>λέγεται,</em></strong></span> <span class='ocrx_word' id='word_1_112' title='bbox 556 2038 708 2131; x_wconf 85' lang='grc' dir='ltr'><strong><em>γυναικὸς</em></strong></span> <span class='ocrx_word' id='word_1_113' title='bbox 736 2040 922 2129; x_wconf 74' lang='grc' dir='ltr'><strong><em>γενομένην.</em></strong></span> <span class='ocrx_word' id='word_1_114' title='bbox 970 2040 1083 2128; x_wconf 78' lang='lat' dir='ltr'><strong>Ailtq,</strong></span> <span class='ocrx_word' id='word_1_115' title='bbox 1116 2042 1200 2109; x_wconf 75' lang='grc' dir='ltr'><strong><em>Γαΐα</em></strong></span> 
     </span>
     <span class='ocr_line' id='line_1_17' title="bbox 85 2136 1199 2233; baseline 0.004 -25"><span class='ocrx_word' id='word_1_116' title='bbox 85 2142 262 2231; x_wconf 63' lang='lat' dir='ltr'><strong>leonilla,</strong></span> <span class='ocrx_word' id='word_1_117' title='bbox 284 2148 326 2209; x_wconf 74' lang='lat' dir='ltr'><strong>sis</strong></span> <span class='ocrx_word' id='word_1_118' title='bbox 339 2140 503 2231; x_wconf 78' lang='grc' dir='ltr'><strong><em>γήμαντος</em></strong></span> <span class='ocrx_word' id='word_1_119' title='bbox 519 2138 635 2227; x_wconf 64' lang='grc' dir='ltr'><strong><em>αὐτὴν,</em></strong></span> <span class='ocrx_word' id='word_1_120' title='bbox 659 2136 681 2211; x_wconf 74' lang='lat' dir='ltr'><strong>ri</strong></span> <span class='ocrx_word' id='word_1_121' title='bbox 699 2138 805 2211; x_wconf 79' lang='grc' dir='ltr'><strong><em>πάλαι</em></strong></span> <span class='ocrx_word' id='word_1_122' title='bbox 820 2139 1019 2231; x_wconf 69' lang='grc' dir='ltr'><strong><em>τεθνηκότος</em></strong></span> <span class='ocrx_word' id='word_1_123' title='bbox 1041 2140 1199 2233; x_wconf 71' lang='grc' dir='ltr'><strong>ἐχήρευεν.</strong></span> 
     </span>
     <span class='ocr_line' id='line_1_18' title="bbox 85 2245 1202 2349; baseline 0.001 -26"><span class='ocrx_word' id='word_1_124' title='bbox 85 2272 184 2323; x_wconf 77' lang='grc' dir='ltr'><strong>Ιιιιαιι</strong></span> <span class='ocrx_word' id='word_1_125' title='bbox 209 2247 323 2322; x_wconf 86' lang='lat' dir='ltr'><strong>etiarn</strong></span> <span class='ocrx_word' id='word_1_126' title='bbox 343 2245 501 2323; x_wconf 84' lang='lat' dir='ltr'><strong>Octavia</strong></span> <span class='ocrx_word' id='word_1_127' title='bbox 521 2249 667 2343; x_wconf 88' lang='lat' dir='ltr'><strong>minor,</strong></span> <span class='ocrx_word' id='word_1_128' title='bbox 693 2255 737 2323; x_wconf 86' lang='lat' dir='ltr'><strong>ut</strong></span> <span class='ocrx_word' id='word_1_129' title='bbox 752 2248 941 2340; x_wconf 78' lang='lat' dir='ltr'><strong>vidimus,</strong></span> <span class='ocrx_word' id='word_1_130' title='bbox 967 2257 1060 2322; x_wconf 89' lang='lat' dir='ltr'><strong>netu</strong></span> <span class='ocrx_word' id='word_1_131' title='bbox 1078 2247 1202 2349; x_wconf 82' lang='lat' dir='ltr'><strong>major</strong></span> 
     </span>
     <span class='ocr_line' id='line_1_19' title="bbox 85 2365 1202 2466; baseline 0 -23"><span class='ocrx_word' id='word_1_132' title='bbox 85 2376 156 2443; x_wconf 85' lang='lat' dir='ltr'><strong>sset</strong></span> <span class='ocrx_word' id='word_1_133' title='bbox 175 2392 290 2466; x_wconf 74' lang='lat' dir='ltr'><strong>(pram</strong></span> <span class='ocrx_word' id='word_1_134' title='bbox 309 2365 447 2461; x_wconf 79' lang='lat' dir='ltr'><strong>irater,</strong></span> <span class='ocrx_word' id='word_1_135' title='bbox 474 2368 569 2440; x_wconf 92' lang='lat' dir='ltr'><strong>nihil</strong></span> <span class='ocrx_word' id='word_1_136' title='bbox 590 2369 759 2442; x_wconf 86' lang='lat' dir='ltr'><strong>obstaret</strong></span> <span class='ocrx_word' id='word_1_137' title='bbox 777 2393 855 2465; x_wconf 92' lang='lat' dir='ltr'><strong>quo</strong></span> <span class='ocrx_word' id='word_1_138' title='bbox 873 2368 999 2440; x_wconf 92' lang='lat' dir='ltr'><strong>miuus</strong></span> <span class='ocrx_word' id='word_1_139' title='bbox 1017 2392 1102 2442; x_wconf 89' lang='lat' dir='ltr'><strong>eam</strong></span> <span class='ocrx_word' id='word_1_140' title='bbox 1120 2376 1202 2443; x_wconf 76' lang='lat' dir='ltr'><strong>trun</strong></span> 
     </span>
     <span class='ocr_line' id='line_1_20' title="bbox 85 2486 1202 2585; baseline 0 -26"><span class='ocrx_word' id='word_1_141' title='bbox 85 2486 110 2561; x_wconf 89' lang='grc'><strong>1.</strong></span> <span class='ocrx_word' id='word_1_142' title='bbox 128 2486 296 2561; x_wconf 82' lang='lat' dir='ltr'><strong>Antonio</strong></span> <span class='ocrx_word' id='word_1_143' title='bbox 321 2494 484 2585; x_wconf 86' lang='lat' dir='ltr'><strong>nuptum</strong></span> <span class='ocrx_word' id='word_1_144' title='bbox 510 2488 634 2561; x_wconf 85' lang='lat' dir='ltr'><strong>datam</strong></span> <span class='ocrx_word' id='word_1_145' title='bbox 653 2510 735 2561; x_wconf 87' lang='lat' dir='ltr'><strong>csse</strong></span> <span class='ocrx_word' id='word_1_146' title='bbox 754 2494 996 2585; x_wconf 85' lang='lat' dir='ltr'><strong>putaremus,</strong></span> <span class='ocrx_word' id='word_1_147' title='bbox 1022 2487 1096 2560; x_wconf 91' lang='lat' dir='ltr'><strong>uisi</strong></span> <span class='ocrx_word' id='word_1_148' title='bbox 1112 2488 1202 2559; x_wconf 90' lang='lat' dir='ltr'><strong>Plu·</strong></span> 
     </span>
     <span class='ocr_line' id='line_1_21' title="bbox 85 2605 1200 2707; baseline -0.001 -26"><span class='ocrx_word' id='word_1_149' title='bbox 85 2606 207 2681; x_wconf 72' lang='lat' dir='ltr'><strong>rrchus</strong></span> <span class='ocrx_word' id='word_1_150' title='bbox 225 2606 418 2704; x_wconf 83' lang='lat' dir='ltr'><strong>expressis</strong></span> <span class='ocrx_word' id='word_1_151' title='bbox 434 2606 563 2682; x_wconf 85' lang='lat' dir='ltr'><strong>verbis</strong></span> <span class='ocrx_word' id='word_1_152' title='bbox 578 2613 735 2707; x_wconf 82' lang='lat' dir='ltr'><strong>negaret</strong></span> <span class='ocrx_word' id='word_1_153' title='bbox 752 2628 836 2679; x_wconf 89' lang='lat' dir='ltr'><strong>eam</strong></span> <span class='ocrx_word' id='word_1_154' title='bbox 860 2605 1066 2699; x_wconf 75' lang='grc' dir='ltr'><strong><em>ὁμομητρίαν</em></strong></span> <span class='ocrx_word' id='word_1_155' title='bbox 1087 2606 1200 2680; x_wconf 74' lang='grc' dir='ltr'><strong>Γοίαοα</strong></span> 
     </span>
     <span class='ocr_line' id='line_1_22' title="bbox 87 2722 1201 2823; baseline -0.001 -24"><span class='ocrx_word' id='word_1_156' title='bbox 87 2724 209 2799; x_wconf 81' lang='lat' dir='ltr'><strong>cesari</strong></span> <span class='ocrx_word' id='word_1_157' title='bbox 234 2722 467 2818; x_wconf 83' lang='lat' dir='ltr'><strong>Octaviano,</strong></span> <span class='ocrx_word' id='word_1_158' title='bbox 493 2747 655 2823; x_wconf 73' lang='lat' dir='ltr'><strong>eamque</strong></span> <span class='ocrx_word' id='word_1_159' title='bbox 681 2723 826 2799; x_wconf 83' lang='lat' dir='ltr'><strong>diceret</strong></span> <span class='ocrx_word' id='word_1_160' title='bbox 852 2748 901 2799; x_wconf 87' lang='lat' dir='ltr'><strong>ex</strong></span> <span class='ocrx_word' id='word_1_161' title='bbox 916 2725 1106 2798; x_wconf 84' lang='lat' dir='ltr'><strong>Ancharia</strong></span> <span class='ocrx_word' id='word_1_162' title='bbox 1132 2749 1201 2798; x_wconf 88' lang='lat' dir='ltr'><strong>na·</strong></span> 
     </span>
     <span class='ocr_line' id='line_1_23' title="bbox 85 2841 1203 2942; baseline 0.002 -25"><span class='ocrx_word' id='word_1_163' title='bbox 85 2868 137 2917; x_wconf 91' lang='lat' dir='ltr'><strong>uu</strong></span> <span class='ocrx_word' id='word_1_164' title='bbox 163 2866 259 2917; x_wconf 87' lang='lat' dir='ltr'><strong>esse.</strong></span> <span class='ocrx_word' id='word_1_165' title='bbox 310 2841 462 2942; x_wconf 89' lang='lat' dir='ltr'><strong>Itaque,</strong></span> <span class='ocrx_word' id='word_1_166' title='bbox 488 2843 691 2917; x_wconf 81' lang='lat' dir='ltr'><strong>Plutarcho</strong></span> <span class='ocrx_word' id='word_1_167' title='bbox 716 2842 750 2916; x_wconf 90' lang='lat' dir='ltr'><strong>si</strong></span> <span class='ocrx_word' id='word_1_168' title='bbox 773 2842 867 2918; x_wconf 84' lang='lat' dir='ltr'><strong>fides</strong></span> <span class='ocrx_word' id='word_1_169' title='bbox 893 2853 968 2937; x_wconf 85' lang='lat' dir='ltr'><strong>est,</strong></span> <span class='ocrx_word' id='word_1_170' title='bbox 1001 2844 1055 2916; x_wconf 88' lang='lat' dir='ltr'><strong>M.</strong></span> <span class='ocrx_word' id='word_1_171' title='bbox 1082 2843 1203 2919; x_wconf 84' lang='lat' dir='ltr'><strong>Anto·</strong></span> 
     </span>
     <span class='ocr_line' id='line_1_24' title="bbox 85 2957 1198 3065; baseline 0.003 -30"><span class='ocrx_word' id='word_1_172' title='bbox 85 2962 141 3036; x_wconf 89' lang='lat' dir='ltr'><strong>ius</strong></span> <span class='ocrx_word' id='word_1_173' title='bbox 165 2962 205 3035; x_wconf 95' lang='lat' dir='ltr'><strong>iu</strong></span> <span class='ocrx_word' id='word_1_174' title='bbox 229 2961 473 3036; x_wconf 87' lang='lat' dir='ltr'><strong>matrimonio</strong></span> <span class='ocrx_word' id='word_1_175' title='bbox 506 2960 639 3035; x_wconf 86' lang='lat' dir='ltr'><strong>hahuit</strong></span> <span class='ocrx_word' id='word_1_176' title='bbox 664 2957 859 3037; x_wconf 84' lang='lat' dir='ltr'><strong>Octaviam</strong></span> <span class='ocrx_word' id='word_1_177' title='bbox 891 2960 1090 3065; x_wconf 78' lang='lat' dir='ltr'><strong>majorem.</strong></span> <span class='ocrx_word' id='word_1_178' title='bbox 1148 2962 1198 3038; x_wconf 82' lang='lat' dir='ltr'><strong>At</strong></span> 
     </span>
     <span class='ocr_line' id='line_1_25' title="bbox 85 3080 1201 3182; baseline 0.002 -27"><span class='ocrx_word' id='word_1_179' title='bbox 85 3080 286 3155; x_wconf 78' lang='lat' dir='ltr'><strong>xstiterrmt</strong></span> <span class='ocrx_word' id='word_1_180' title='bbox 326 3081 375 3153; x_wconf 86' lang='lat' dir='ltr'><strong>sd</strong></span> <span class='ocrx_word' id='word_1_181' title='bbox 408 3088 576 3155; x_wconf 90' lang='lat' dir='ltr'><strong>nostram</strong></span> <span class='ocrx_word' id='word_1_182' title='bbox 607 3103 728 3180; x_wconf 76' lang='lat' dir='ltr'><strong>tuque</strong></span> <span class='ocrx_word' id='word_1_183' title='bbox 758 3082 985 3157; x_wconf 85' lang='lat' dir='ltr'><strong>memorium</strong></span> <span class='ocrx_word' id='word_1_184' title='bbox 1020 3085 1201 3182; x_wconf 83' lang='lat' dir='ltr'><strong>permulti</strong></span> 
     </span>
     <span class='ocr_line' id='line_1_26' title="bbox 85 3197 1201 3296; baseline 0.003 -24"><span class='ocrx_word' id='word_1_185' title='bbox 85 3197 142 3272; x_wconf 85' lang='lat' dir='ltr'><strong>&#39;iri</strong></span> <span class='ocrx_word' id='word_1_186' title='bbox 166 3197 297 3290; x_wconf 84' lang='lat' dir='ltr'><strong>Docti,</strong></span> <span class='ocrx_word' id='word_1_187' title='bbox 335 3198 401 3296; x_wconf 91' lang='lat' dir='ltr'><strong>qui</strong></span> <span class='ocrx_word' id='word_1_188' title='bbox 426 3197 615 3274; x_wconf 87' lang='lat' dir='ltr'><strong>Plutarchi</strong></span> <span class='ocrx_word' id='word_1_189' title='bbox 647 3197 762 3272; x_wconf 88' lang='lat' dir='ltr'><strong>fidem</strong></span> <span class='ocrx_word' id='word_1_190' title='bbox 796 3208 836 3275; x_wconf 92' lang='lat' dir='ltr'><strong>et</strong></span> <span class='ocrx_word' id='word_1_191' title='bbox 867 3203 1125 3276; x_wconf 85' lang='lat' dir='ltr'><strong>auctoritatem</strong></span> <span class='ocrx_word' id='word_1_192' title='bbox 1160 3203 1201 3275; x_wconf 94' lang='lat' dir='ltr'><strong>in</strong></span> 
     </span>
     <span class='ocr_line' id='line_1_27' title="bbox 85 3316 1201 3408; baseline 0.003 -17"><span class='ocrx_word' id='word_1_193' title='bbox 85 3317 219 3391; x_wconf 89' lang='lat' dir='ltr'><strong>uhium</strong></span> <span class='ocrx_word' id='word_1_194' title='bbox 252 3324 433 3392; x_wconf 86' lang='lat' dir='ltr'><strong>vocarent</strong></span> <span class='ocrx_word' id='word_1_195' title='bbox 468 3326 507 3394; x_wconf 87' lang='lat' dir='ltr'><strong>et</strong></span> <span class='ocrx_word' id='word_1_196' title='bbox 540 3316 739 3393; x_wconf 86' lang='lat' dir='ltr'><strong>Octaviam</strong></span> <span class='ocrx_word' id='word_1_197' title='bbox 770 3318 980 3408; x_wconf 90' lang='lat' dir='ltr'><strong>minorem,</strong></span> <span class='ocrx_word' id='word_1_198' title='bbox 1013 3319 1201 3394; x_wconf 82' lang='lat' dir='ltr'><strong>uterinam</strong></span> 
     </span>
     <span class='ocr_line' id='line_1_28' title="bbox 85 3434 1200 3535; baseline 0 -24"><span class='ocrx_word' id='word_1_199' title='bbox 85 3434 228 3511; x_wconf 69' lang='lat' dir='ltr'><strong>3aesaris</strong></span> <span class='ocrx_word' id='word_1_200' title='bbox 261 3436 461 3513; x_wconf 81' lang='lat' dir='ltr'><strong>Octaviani</strong></span> <span class='ocrx_word' id='word_1_201' title='bbox 496 3460 687 3529; x_wconf 89' lang='lat' dir='ltr'><strong>sororem,</strong></span> <span class='ocrx_word' id='word_1_202' title='bbox 723 3438 901 3511; x_wconf 88' lang='lat' dir='ltr'><strong>secmulis</strong></span> <span class='ocrx_word' id='word_1_203' title='bbox 934 3437 1076 3535; x_wconf 89' lang='lat' dir='ltr'><strong>nuptiis</strong></span> <span class='ocrx_word' id='word_1_204' title='bbox 1110 3460 1200 3511; x_wconf 87' lang='lat' dir='ltr'><strong>curn</strong></span> 
     </span>
     <span class='ocr_line' id='line_1_29' title="bbox 85 3552 1200 3654; baseline 0.002 -25"><span class='ocrx_word' id='word_1_205' title='bbox 85 3556 109 3629; x_wconf 94' lang='lat' dir='ltr'><strong>l.</strong></span> <span class='ocrx_word' id='word_1_206' title='bbox 138 3554 299 3630; x_wconf 78' lang='lat' dir='ltr'><strong>Antonio</strong></span> <span class='ocrx_word' id='word_1_207' title='bbox 327 3552 566 3654; x_wconf 81' lang='lat' dir='ltr'><strong>conjunctam</strong></span> <span class='ocrx_word' id='word_1_208' title='bbox 592 3555 707 3630; x_wconf 74' lang='lat' dir='ltr'><strong>finisse</strong></span> <span class='ocrx_word' id='word_1_209' title='bbox 741 3557 1024 3631; x_wconf 85' lang='lat' dir='ltr'><strong>contenderent.</strong></span> <span class='ocrx_word' id='word_1_210' title='bbox 1080 3556 1200 3631; x_wconf 87' lang='lat' dir='ltr'><strong>Nemo</strong></span> 
     </span>
     <span class='ocr_line' id='line_1_30' title="bbox 85 3673 1201 3774; baseline 0 -26"><span class='ocrx_word' id='word_1_211' title='bbox 85 3698 205 3766; x_wconf 71' lang='lat' dir='ltr'><strong>lmen,</strong></span> <span class='ocrx_word' id='word_1_212' title='bbox 231 3676 335 3772; x_wconf 84' lang='lat' dir='ltr'><strong>quod</strong></span> <span class='ocrx_word' id='word_1_213' title='bbox 361 3673 495 3768; x_wconf 88' lang='lat' dir='ltr'><strong>sciam,</strong></span> <span class='ocrx_word' id='word_1_214' title='bbox 523 3675 698 3749; x_wconf 87' lang='lat' dir='ltr'><strong>disertius</strong></span> <span class='ocrx_word' id='word_1_215' title='bbox 716 3675 979 3774; x_wconf 88' lang='lat' dir='ltr'><strong>copiosiusque</strong></span> <span class='ocrx_word' id='word_1_216' title='bbox 996 3675 1092 3748; x_wconf 90' lang='lat' dir='ltr'><strong>illud</strong></span> <span class='ocrx_word' id='word_1_217' title='bbox 1110 3676 1201 3748; x_wconf 90' lang='lat' dir='ltr'><strong>Plu·</strong></span> 
     </span>
     <span class='ocr_line' id='line_1_31' title="bbox 85 3789 1201 3893; baseline 0.002 -26"><span class='ocrx_word' id='word_1_218' title='bbox 85 3792 182 3867; x_wconf 82' lang='lat' dir='ltr'><strong>uclri</strong></span> <span class='ocrx_word' id='word_1_219' title='bbox 205 3792 466 3867; x_wconf 89' lang='lat' dir='ltr'><strong>testimouium</strong></span> <span class='ocrx_word' id='word_1_220' title='bbox 497 3793 722 3893; x_wconf 80' lang='lat' dir='ltr'><strong>impugnare</strong></span> <span class='ocrx_word' id='word_1_221' title='bbox 755 3789 914 3892; x_wconf 80' lang='lat' dir='ltr'><strong>ejusque</strong></span> <span class='ocrx_word' id='word_1_222' title='bbox 947 3792 1063 3869; x_wconf 87' lang='lat' dir='ltr'><strong>fidem</strong></span> <span class='ocrx_word' id='word_1_223' title='bbox 1095 3794 1201 3869; x_wconf 83' lang='lat' dir='ltr'><strong>luhe-</strong></span> 
     </span>
     <span class='ocr_line' id='line_1_32' title="bbox 85 3910 1200 4012; baseline 0.005 -28"><span class='ocrx_word' id='word_1_224' title='bbox 85 3920 199 3985; x_wconf 73' lang='lat' dir='ltr'><strong>rctare</strong></span> <span class='ocrx_word' id='word_1_225' title='bbox 223 3911 401 3987; x_wconf 81' lang='lat' dir='ltr'><strong>connisus</strong></span> <span class='ocrx_word' id='word_1_226' title='bbox 426 3919 482 3987; x_wconf 83' lang='lat' dir='ltr'><strong>est</strong></span> <span class='ocrx_word' id='word_1_227' title='bbox 506 3936 621 4010; x_wconf 89' lang='lat' dir='ltr'><strong>quam</strong></span> <span class='ocrx_word' id='word_1_228' title='bbox 638 3920 725 4011; x_wconf 85' lang='lat' dir='ltr'><strong>post</strong></span> <span class='ocrx_word' id='word_1_229' title='bbox 743 3910 1016 4012; x_wconf 85' lang='lat' dir='ltr'><strong>Glaudorpium</strong></span> <span class='ocrx_word' id='word_1_230' title='bbox 1035 3912 1200 3990; x_wconf 84' lang='grc' dir='ltr'><strong>1οοοο-</strong></span> 
     </span>
     <span class='ocr_line' id='line_1_33' title="bbox 85 4030 1209 4129; baseline 0.005 -26"><span class='ocrx_word' id='word_1_231' title='bbox 85 4038 169 4103; x_wconf 78' lang='lat' dir='ltr'><strong>rast.</strong></span> <span class='ocrx_word' id='word_1_232' title='bbox 204 4055 243 4129; x_wconf 87' lang='lat' dir='ltr'><strong>p.</strong></span> <span class='ocrx_word' id='word_1_233' title='bbox 270 4030 323 4105; x_wconf 85' lang='grc'><strong>811</strong></span> <span class='ocrx_word' id='word_1_234' title='bbox 352 4056 410 4129; x_wconf 88' lang='lat' dir='ltr'><strong>sq.</strong></span> <span class='ocrx_word' id='word_1_235' title='bbox 446 4032 493 4105; x_wconf 88' lang='lat' dir='ltr'><strong>cl.</strong></span> <span class='ocrx_word' id='word_1_236' title='bbox 529 4056 567 4129; x_wconf 92' lang='lat' dir='ltr'><strong>p.</strong></span> <span class='ocrx_word' id='word_1_237' title='bbox 602 4031 713 4124; x_wconf 65' lang='lat'><strong>433„</strong></span> <span class='ocrx_word' id='word_1_238' title='bbox 746 4030 966 4107; x_wconf 82' lang='lat' dir='ltr'><strong>Perizonius</strong></span> <span class='ocrx_word' id='word_1_239' title='bbox 997 4033 1209 4109; x_wconf 68' lang='lat' dir='ltr'><strong>nunnauv.</strong></span> 
     </span>
     <span class='ocr_line' id='line_1_34' title="bbox 85 4148 1200 4250; baseline 0.002 -29"><span class='ocrx_word' id='word_1_240' title='bbox 85 4148 198 4224; x_wconf 86' lang='lat' dir='ltr'><strong>lister.</strong></span> <span class='ocrx_word' id='word_1_241' title='bbox 232 4148 324 4250; x_wconf 84' lang='lat' dir='ltr'><strong>Gap.</strong></span> <span class='ocrx_word' id='word_1_242' title='bbox 352 4148 420 4222; x_wconf 79' lang='lat'><strong>111.</strong></span> <span class='ocrx_word' id='word_1_243' title='bbox 455 4176 493 4248; x_wconf 91' lang='lat' dir='ltr'><strong>p.</strong></span> <span class='ocrx_word' id='word_1_244' title='bbox 523 4150 592 4223; x_wconf 82' lang='lat'><strong>121</strong></span> <span class='ocrx_word' id='word_1_245' title='bbox 627 4174 711 4247; x_wconf 86' lang='lat' dir='ltr'><strong>sqq.</strong></span> <span class='ocrx_word' id='word_1_246' title='bbox 773 4150 939 4249; x_wconf 88' lang='lat' dir='ltr'><strong>Uterque</strong></span> <span class='ocrx_word' id='word_1_247' title='bbox 963 4151 1034 4225; x_wconf 82' lang='lat' dir='ltr'><strong>Vir</strong></span> <span class='ocrx_word' id='word_1_248' title='bbox 1058 4152 1200 4228; x_wconf 87' lang='lat' dir='ltr'><strong>Doctus</strong></span> 
     </span>
     <span class='ocr_line' id='line_1_35' title="bbox 85 4267 1200 4370; baseline -0.004 -27"><span class='ocrx_word' id='word_1_249' title='bbox 85 4268 204 4343; x_wconf 84' lang='lat' dir='ltr'><strong>isdem</strong></span> <span class='ocrx_word' id='word_1_250' title='bbox 227 4267 309 4343; x_wconf 86' lang='lat' dir='ltr'><strong>fere</strong></span> <span class='ocrx_word' id='word_1_251' title='bbox 328 4279 471 4369; x_wconf 85' lang='lat' dir='ltr'><strong>pugnat</strong></span> <span class='ocrx_word' id='word_1_252' title='bbox 485 4269 735 4370; x_wconf 78' lang='lat' dir='ltr'><strong>ergruneutis,</strong></span> <span class='ocrx_word' id='word_1_253' title='bbox 762 4294 861 4368; x_wconf 89' lang='lat' dir='ltr'><strong>quae</strong></span> <span class='ocrx_word' id='word_1_254' title='bbox 877 4293 1015 4370; x_wconf 87' lang='lat' dir='ltr'><strong>operae</strong></span> <span class='ocrx_word' id='word_1_255' title='bbox 1035 4271 1200 4370; x_wconf 87' lang='lat' dir='ltr'><strong>pretium</strong></span> 
     </span>
    </p>
   </div>
   <div class='ocr_carea' id='block_1_4' title="bbox 85 4387 581 4465">
    <p class='ocr_par' dir='ltr' id='par_1_4' title="bbox 85 4387 581 4465">
     <span class='ocr_line' id='line_1_36' title="bbox 85 4387 581 4465; baseline -0.002 -2"><span class='ocrx_word' id='word_1_256' title='bbox 85 4388 173 4465; x_wconf 76' lang='lat' dir='ltr'><strong>terit</strong></span> <span class='ocrx_word' id='word_1_257' title='bbox 197 4388 324 4465; x_wconf 84' lang='lat' dir='ltr'><strong>‹lenuo</strong></span> <span class='ocrx_word' id='word_1_258' title='bbox 349 4387 581 4464; x_wconf 79' lang='lat' dir='ltr'><strong>examinare.</strong></span> 
     </span>
    </p>
   </div>
   <div class='ocr_carea' id='block_1_5' title="bbox 0 0 1340 5294">
    <p class='ocr_par' dir='ltr' id='par_1_5' title="bbox 0 0 1340 5294">
     <span class='ocr_line' id='line_1_37' title="bbox 0 0 1340 5294; baseline 0 0"><span class='ocrx_word' id='word_1_259' title='bbox 0 0 1340 5294; x_wconf 95' lang='lat' dir='ltr'><strong> </strong></span> 
     </span>
    </p>
   </div>
  </div>
 </body>
</html>
