2670 5294
465 265 668 320 excussus
695 269 734 321 v.
1096 246 1169 322 341

89 431 137 523 l,
181 438 225 503 ut
258 426 308 505 G.
342 428 585 503 &trutannus
620 431 659 502 in
694 430 791 506 llist.
827 433 937 508 Rom.
974 432 1087 508 Tom.
1119 434 1170 507 ll.

100 548 191 623 372.
234 544 453 647 conjectura
495 550 680 645 probabili
726 552 865 625 statuit.
932 551 991 626 Ex
1038 552 1169 627 Clodio

89 674 225 741 rererat
246 666 388 758 lilium,
415 670 459 739 P.
482 665 671 757 Clodium,
686 664 812 766 'maun
829 672 1041 772 privignum}
1060 696 1170 745 strtmt

104 784 286 859 Antonius
312 786 354 859 in
378 784 545 883 Epistola
569 788 617 857 ad
645 785 871 862 Ciceronem
902 792 957 883 (v.
984 792 1031 863 ad
1055 789 1169 864 Attio.

89 928 133 978 tr.
151 903 252 978 XIV.
278 901 350 1001 Ep.
373 904 433 977 13.
457 902 525 998 A.)
553 903 720 1001 optimae
745 906 825 1003 spei
851 932 1013 1006 puerum
1040 907 1170 1006 appel·

143 1020 240 1095 Eum
265 1029 396 1096 tamen
420 1032 575 1121 peracta
600 1022 733 1098 enervi
757 1031 798 1098 et
820 1023 952 1126 frigida
971 1022 1170 1127 juventute

89 1141 370 1240 vulgatissimae
402 1141 615 1215 meretricis
649 1165 780 1216 eruore
812 1143 996 1219 infamem
1030 1145 1170 1219 embe-

89 1259 167 1332 udo
183 1259 318 1333 mortis
333 1282 474 1359 genero
498 1268 765 1356 consimrptum
791 1285 895 1356 osse,
922 1262 1041 1337 refert
1060 1263 1171 1337 Vale·

89 1404 104 1452 s
128 1377 288 1451 Maxim.
313 1376 422 1450 Libr.
447 1376 517 1450 Ill.
548 1402 581 1450 c.
600 1376 637 1451 5.
663 1403 699 1450 n.
719 1381 757 1453 3.
809 1379 929 1455 Porro
958 1380 1169 1456 clar-rudiam

89 1520 162 1586 mr,
188 1519 306 1594 quam
329 1496 491 1571 vixdum
515 1495 706 1591 nubilem,
741 1501 811 1571 surb
838 1499 989 1572 initirmr
1015 1497 1168 1572 Trima-

89 1622 187 1707 atm,
213 1614 369 1693 vitricus
387 1620 427 1687 et
443 1620 567 1688 mater
585 1614 867 1713 despondebant
884 1616 1034 1691 Caesari
1053 1614 1167 1692 Octa·

89 1756 156 1826 no,
182 1738 278 1807 teste
304 1729 489 1807 Suetonio
514 1756 549 1807 c.
575 1734 638 1807 62.
670 1774 722 1787 -
769 1733 901 1809 Mense
925 1733 1105 1811 lanuario
1132 1759 1166 1808 a.

89 1852 133 1927 G.
150 1854 239 1926 702.
265 1850 393 1925 amisit
417 1850 551 1928 Fulv1a
576 1851 753 1925 Clodium
778 1853 957 1926 maritum
981 1878 1004 1927 a
1024 1853 1167 1928 Milone

89 1995 180 2045 sirm
203 1977 242 2044 et
267 1992 369 2043 anno
393 1978 482 2067 post
507 1969 632 2067 nupsit
652 1971 692 2044 C.
712 1969 898 2060 Curioni,
924 1972 1011 2047 viro
1034 1972 1165 2067 nobili,

99 2087 257 2163 Antonii
281 2111 404 2185 nuper
428 2088 552 2162 amico
578 2098 617 2162 et
642 2087 841 2162 libidinum
867 2089 998 2162 sodali.
1050 2090 1088 2163 ls
1114 2115 1166 2166 ex

89 2208 159 2285 luia
183 2208 320 2282 turlerat
345 2205 483 2298 lilium,
516 2231 632 2304 quem
658 2206 797 2282 Caesar
824 2206 1054 2283 Octavianus
1079 2218 1166 2308 post

89 2350 191 2427 gnam
225 2326 417 2401 Actiacam
459 2349 495 2399 a.
536 2324 582 2399 U.
625 2326 668 2401 C.
709 2328 796 2400 723.
843 2325 1004 2400 interfici
1044 2323 1165 2428 jussit,

89 2452 181 2522 ttore
204 2445 329 2520 Dione
355 2444 458 2519 Cass.
483 2442 591 2516 Libr.
618 2443 684 2517 Ll.
711 2467 745 2518 c.
773 2447 809 2517 2.
868 2443 1003 2521 Fulvia
1028 2444 1166 2518 iterum

89 2587 144 2639 ‚ua
175 2562 271 2640 facta
304 2572 365 2639 est
392 2587 429 2637 a.
454 2561 501 2637 U.
528 2561 572 2637 G.
599 2562 688 2638 706.
695 2613 708 2656 ,
743 2587 820 2659 quo
852 2584 951 2636 anno
977 2561 1092 2637 Curio
1118 2563 1166 2636 ab

89 2706 147 2758 tae
172 2681 289 2781 copiis
315 2681 358 2756 in
383 2678 509 2756 Africa
534 2705 735 2779 oppressus
761 2680 915 2754 interiit.

123 2800 260 2877 Fulvia
284 2799 396 2903 igitur
420 2799 461 2872 in
486 2800 769 2874 matrimonium
803 2800 934 2893 ducta,
970 2800 1020 2875 M.
1048 2799 1166 2875 Anto·

89 2946 134 3014 a,
160 2920 247 3018 qui,
271 2919 412 2994 Fadiae
438 2918 568 2992 liberis
594 2916 781 2991 delrmctis
806 2918 997 3017 nullisque
1016 2943 1068 2993 ex
1083 2919 1164 2993 An·

89 3040 128 3115 ia
152 3036 356 3138 susceptis,
390 3038 526 3112 subole
559 3037 732 3130 carebat,
768 3034 921 3110 vitricus
954 3036 1075 3112 factius
1107 3047 1167 3113 est

89 3182 188 3233 »nrm
202 3156 368 3231 liliorum
384 3155 574 3252 rimaeque
590 3153 705 3227 filiae.
755 3154 826 3229 Illa
842 3157 1069 3229 sexermium
1084 3155 1165 3231 lere

89 3275 267 3352 trimonio
293 3269 493 3374 conjuncta
519 3296 608 3347 cum
632 3270 685 3345 Μ.
709 3273 879 3347 Antonio
904 3273 1015 3348 vixit.
1070 3273 1164 3348 Nam

89 3402 154 3488 to,
188 3394 292 3494 quod
325 3394 425 3491 ipsa,
460 3399 502 3466 ut
534 3390 714 3465 maritmn
739 3415 761 3466 a
788 3392 1009 3490 Cleopatrae
1036 3414 1165 3464 amore

89 3514 297 3610 complexu
321 3509 577 3602 abstraheret,
604 3508 856 3601 conflaverat,
882 3509 986 3584 bello
1011 3506 1165 3582 Perusi-

89 3684 97 3724 ,
124 3628 263 3705 Caeam
288 3626 520 3706 Octavianus
544 3652 631 3703 cam
655 3652 744 3703 cum
769 3628 915 3721 filiolis,
951 3652 1046 3726 quos
1069 3633 1164 3726 puto

89 3772 140 3825 tae
164 3748 340 3824 Clodium
364 3754 404 3822 et
428 3747 633 3823 Curionem
657 3770 819 3847 pueros,
847 3746 1064 3821 inviolatam
1089 3745 1165 3819 Ita-

98 3867 292 3943 exoedere
324 3890 459 3965 passus
492 3874 562 3941 est.
622 3863 846 3941 Occurrisse
881 3856 1004 3938 fertur
1027 3866 1165 3942 marito

89 3986 206 4082 renis,
232 3993 273 4061 et
295 3986 386 4061 inde
412 4009 502 4061 omn
526 4010 574 4060 eo
596 3985 638 4059 in
653 3983 801 4059 Italiam
815 3983 984 4059 reditma
998 3982 1165 4082 Sicyone

89 4106 162 4181 rbo
185 4126 370 4205 oppressa
394 4103 489 4181 obiit
512 4127 549 4179 a.
573 4104 620 4179 U.
647 4102 690 4177 G.
715 4102 804 4176 714.

125 4220 181 4298 Μ.
212 4222 404 4299 Antonius
438 4246 492 4297 ex
525 4223 659 4300 Fulvia
693 4223 771 4297 aluo
805 4228 1022 4321 susceperat
1054 4219 1163 4294 filios.

89 4338 147 4447 jor
158 4347 275 4440 aaa,
298 4340 461 4420 fortasse
477 4341 740 4419 Romanorum
759 4364 890 4435 more,
915 4339 1034 4441 patris
1052 4356 1163 4436 prae·

1029 4538 1175 4624 fl
