2686 5236
419 663 470 716 os
496 664 533 716 ι.
558 665 687 718 vasto
714 668 859 722 roam.
1137 646 1213 726 1⁰5

63 827 206 920 „dorm
241 827 377 904 dando
402 840 580 905 aaaron!
611 830 770 925 urban,
808 846 856 909 ut
887 831 934 912 io
957 860 1006 911 eu
1030 836 1215 913 aomina

64 960 225 1039 raretum
264 948 382 1025 Curso
407 952 514 1025 solata
539 950 718 1026 manium
742 953 923 1030 vendidit
950 956 1131 1050 Caesari,
1169 971 1216 1033 ut

64 1064 111 1141 iu
153 1092 203 1141 eo
244 1067 530 1144 dominaretur.
602 1072 665 1145 De
705 1096 782 1172 ouo
829 1072 1040 1170 Wrgilitm
1079 1078 1217 1152 volunt

67 1184 240 1262 dria-isaer
283 1185 469 1262 Vendidit
501 1188 564 1263 hio
599 1213 693 1264 auro
718 1190 903 1290 patriam,
940 1194 1216 1295 dominumque

64 1312 263 1405 potentem
286 1303 513 1405 Imposrd1.“
562 1307 745 1385 Conferas
766 1314 945 1387 eumdem
961 1311 1216 1390 Scholiastem

64 1424 116 1499 ad
154 1422 289 1499 Phara.
324 1423 432 1500 Liar.
458 1425 490 1501 I.
515 1452 554 1504 v.
573 1429 663 1503 269.
724 1428 801 1529 Qui
832 1430 981 1533 Virgilii
1012 1433 1134 1509 verba
1167 1432 1216 1507 ad

64 1543 250 1617 amussim
283 1553 496 1645 exegerunt
529 1544 782 1647 Interpretes,
822 1548 1050 1626 fluctuanmt
1082 1550 1217 1627 haese-

64 1670 237 1760 nmtque
259 1664 441 1738 maximis
466 1664 639 1765 impliciti
665 1666 927 1744 diffiautaum
950 1670 1086 1766 nodis,
1119 1695 1218 1769 quos

63 1780 240 1878 lleynius
260 1783 315 1856 ita
330 1783 530 1881 expedivit
546 1806 615 1859 seu
631 1784 757 1885 potius
777 1787 974 1882 dissecuit,
1001 1794 1045 1862 ut
1062 1812 1218 1864 omnam

65 1924 229 2000 operam
266 1902 315 1976 ad
351 1909 472 1977 oertos
505 1902 600 1978 haee
634 1906 841 1980 revocandi
864 1889 1039 1981 homines
1064 1907 1218 1981 inanem

66 2021 224 2095 dicaret.
283 2022 395 2116 Quod
428 2022 525 2096 mihi
557 2047 666 2098 seeus
689 2022 861 2099 videtu!
895 2023 1051 2100 Seuius
1076 2025 1126 2099 ad
1149 2050 1215 2103 vv.

55 2138 166 2240 fixit
197 2141 298 2236 leges
328 2139 457 2241 pretio
483 2153 600 2243 atque
625 2140 786 2241 rostari,
826 2146 1126 2238 ,‚P0asumus‚“
1156 2144 1220 2219 in·

67 2260 174 2361 quit,
218 2259 473 2351 „Aaronem
509 2261 706 2362 accepere,
750 2263 965 2336 sonandum
1002 2263 1221 2340 Cremonen

66 2378 114 2455 in
138 2376 411 2479 Ptdtppicnr‘
468 2380 564 2455 Mihi
598 2406 676 2455 uon
710 2381 871 2455 dubium
899 2388 977 2476 est,
1011 2382 1105 2481 quin
1129 2382 1221 2456 vir-

68 2498 159 2601 gilio
184 2498 271 2573 illos
295 2498 476 2572 scribenti
499 2524 632 2575 versus
659 2507 784 2575 certus
811 2501 966 2599 quidam
983 2499 1220 2581 homosuae

67 2617 201 2693 neatis
226 2617 450 2693 obversatam
474 2616 603 2693 merit.
654 2619 804 2715 Austro,
830 2618 904 2693 nisi
927 2618 1027 2692 forte
1047 2618 1219 2694 eonadte

70 2746 111 2814 at
135 2737 272 2813 callide
297 2760 350 2811 ex
375 2738 522 2812 duobus
536 2737 773 2830 homiuibus,
801 2737 968 2811 Curione
982 2742 1022 2810 et
1038 2736 1220 2831 Antonio,

68 2882 191 2933 sanum
224 2880 248 2931 a
281 2856 400 2931 Poeta
433 2856 640 2931 Mantuano
675 2854 880 2932 eonfiotmn
915 2878 960 2929 ao
984 2855 1102 2931 veluti
1127 2878 1222 2929 eon·

69 2976 205 3050 flatum
241 2982 383 3049 stamas
415 2974 541 3050 civem
573 2975 777 3051 scelestum
808 2982 849 3049 et
882 2973 1044 3072 impium
1077 2973 1119 3047 in
1151 2996 1223 3072 pa-

33 3136 37 3145 ·
70 3095 207 3187 tumn,
241 3094 339 3168 mihi
370 3093 455 3170 veri
488 3096 697 3170 admodum
729 3095 854 3170 simile
884 3095 1056 3188 videtin,
1098 3092 1223 3168 nemi-

70 3238 164 3289 nem
187 3213 325 3309 alium‚
350 3238 467 3311 (pram
483 3212 534 3292 M.
554 3214 760 3288 Antonimn
777 3212 840 3288 hie
857 3212 1080 3314 significari,
1107 3236 1224 3311 quem

71 3336 191 3410 Poeta
224 3334 411 3409 seeleuun
442 3356 586 3431 poenas
618 3333 660 3407 in
701 3331 803 3409 Oreo
844 3332 1015 3407 luentem
1056 3331 1224 3406 induxe-

69 3454 136 3529 rit.
186 3452 374 3529 Autome
397 3452 522 3547 enim,
557 3452 703 3554 siquis
729 3453 848 3548 alim,
875 3452 950 3527 diei
975 3456 1126 3551 poterat
1150 3472 1221 3549 pa·

69 3573 170 3648 triae
182 3571 410 3671 imposuisse
430 3571 629 3647 dominum
651 3577 859 3672 potentem.
909 3571 1072 3664 ‚,lvam,
1097 3568 1225 3668 inquit

70 3692 209 3783 (iieero
238 3689 404 3791 Philipp.
432 3688 484 3764 Π.
519 3714 553 3767 ο.
579 3690 663 3785 21.,
707 3714 829 3790 quum
860 3686 912 3765 L.
938 3688 1132 3780 Lentulo,
1179 3688 1222 3764 G.

68 3812 285 3903 Marcello,
324 3808 577 3902 Gmraulibua,
608 3808 802 3883 Kalendis
826 3810 999 3885 Ianuar.
1031 3805 1225 3881 uocatas

71 3942 113 4007 et
130 3952 261 4031 prope
283 3930 488 4003 cadentem
510 3952 595 4003 rem
625 3925 825 4028 paucam
843 3926 998 4027 ficiem
1021 3920 1225 4025 caperata,

69 4046 228 4151 ipsimae
254 4049 297 4125 0.
320 4045 504 4139 coerceri,
530 4045 570 4121 ai
591 4042 697 4123 arana
719 4058 849 4120 uwnte
872 4057 991 4136 esset,
1024 4040 1227 4117 aemulare

70 4165 243 4243 uthans
269 4178 356 4241 ium
379 4166 454 4241 a'ste
476 4166 702 4263 (Antonius)
727 4162 930 4239 venditum
953 4175 1071 4264 utpute
1089 4184 1227 4234 manu·

71 4286 253 4387 cipetum
276 4284 525 4361 insinuatum
549 4283 723 4359 comdiis
746 4280 886 4358 vestris
911 4279 1115 4384 opposuit,
1141 4304 1227 4355 aar·

71 4405 251 4507 viresque
274 4431 373 4482 suaa
398 4404 439 4481 ei
458 4403 621 4500 subiecit
644 4394 795 4498 securi,
820 4428 901 4504 qam
923 4400 1043 4477 multi
1059 4395 1228 4475 meliori·

73 4524 153 4600 iau.
179 4522 225 4600 in
251 4512 426 4626 parata
459 4522 729 4600 oeciderunt.“
794 4520 904 4598 Idam
944 4545 979 4597 a.
1012 4524 1077 4598 20.
1122 4517 1226 4612 dioit,

71 4642 308 4740 Antonium,
329 4668 451 4744 quum
468 4644 657 4739 Quaestor
676 4640 844 4717 Caesaris
856 4640 1121 4744 largitionibus
1136 4658 1228 4737 por·

73 4764 165 4840 un
189 4762 294 4842 vias
315 4764 530 4843 maanus
561 4746 831 4857 ulamau,
863 4761 1059 4839 uanae
1082 4754 1134 4832 aa
1155 4750 1229 4828 tn-
