2670 5294
84 669 163 746 236
446 685 497 736 nn
522 683 660 737 cassio
684 681 907 735 ramum.

82 850 329 950 conqueritur
362 846 469 922 Libr.
503 845 553 919 Π.
596 845 704 946 Eleg.
730 846 768 921 4.
803 843 938 943 ibique
972 868 1011 921 v.
1038 844 1081 919 6.
1114 866 1234 919 saeva

80 972 214 1072 puella
248 977 288 1043 et
320 968 427 1066 Eleg.
456 968 494 1040 6.
526 991 566 1043 v.
592 966 655 1040 28.
696 965 801 1038 dara
829 965 971 1062 puella
1009 964 1230 1063 appeilnun.

45 1136 50 1147 ·
82 1090 257 1187 Denique
289 1083 531 1169 miserabiles
564 1082 680 1178 elegi,
718 1108 815 1191 quos
849 1082 1031 1156 Horatius
1066 1107 1231 1157 comme·

81 1215 226 1301 morat,
254 1206 373 1304 accipi
398 1210 559 1301 possunt
585 1204 633 1275 dc
658 1201 769 1275 Libri
787 1201 839 1274 11.
864 1199 1007 1302 Elegiis
1026 1202 1065 1275 3.
1084 1202 1125 1275 4.
1144 1202 1231 1277 etb.

83 1326 285 1401 Praeterea
316 1321 519 1397 Passovius
553 1344 706 1419 quoque
738 1320 890 1425 statuit,
922 1318 1138 1417 Epistolam
1160 1346 1230 1395 non

82 1445 201 1519 multo
226 1450 316 1543 post
341 1440 466 1516 Odam
489 1441 598 1514 illam
622 1440 671 1514 ab
695 1438 851 1515 Horatio
877 1440 928 1514 ad
943 1438 1149 1517 Tibullum
1170 1441 1229 1515 da·

82 1569 163 1636 tarn
188 1560 338 1658 esse27).

83 1724 293 1735 -———u-

154 1807 225 1871 Ι27)
254 1797 388 1861 Bauerns
409 1800 439 1859 in
465 1795 588 1860 Praelat.
611 1798 647 1859 ad
671 1798 783 1861 Tibuil.
811 1820 842 1875 p.
853 1796 942 1860 vttl.
963 1818 1031 1876 sqq.
1052 1800 1128 1860 inita
1148 1798 1228 1859 subti-

85 1885 160 1947 liore
182 1896 343 1961 temporum
369 1906 563 1961 annorumque
584 1888 693 1946 ratione
715 1888 846 1946 evincere
866 1884 980 1959 studet,
1003 1884 1132 1945 Deliam
1151 1905 1168 1945 a
1184 1881 1228 1943 'li-

81 1973 162 2033 balio
190 1984 313 2030 amatam
342 1991 407 2031 esse
436 1992 488 2046 per
515 1992 604 2030 annos
631 1969 668 2031 U.
693 1968 727 2030 G.
752 1977 948 2032 723-726.
977 1991 1013 2031 ac
1035 1970 1176 2031 Nemesis
1197 1968 1227 2028 ab

81 2078 156 2118 anno
170 2064 246 2118 733.
264 2077 355 2131 usqum
376 2057 412 2116 ad
433 2077 537 2117 annum
552 2059 626 2118 735.
669 2055 757 2133 Quod
778 2059 956 2130 interjectum
976 2056 1042 2116 illis
1062 2059 1148 2115 annis
1161 2066 1227 2117 esset

84 2143 223 2217 temporis
245 2144 384 2216 spatium,
410 2164 467 2201 non
488 2163 608 2203 vacuum
628 2144 776 2203 amoribus
796 2142 888 2201 luisse
908 2141 978 2200 dicit
999 2144 1088 2217 eique
1111 2142 1227 2201 attribuit

83 2248 114 2304 p.
137 2225 182 2287 Χ.
210 2246 336 2285 amorem
359 2226 506 2287 Neaerae.
560 2227 608 2288 De
634 2231 716 2301 cuins
743 2226 802 2287 lide
829 2238 858 2286 et
885 2246 984 2287 amore
1012 2248 1081 2286 cum
1102 2224 1226 2285 'libutius

82 2316 158 2373 inter
179 2330 260 2386 spem
282 2324 446 2386 metumque
465 2332 622 2388 suspensus
643 2315 803 2372 moestitiae
822 2332 856 2372 se
876 2312 974 2388 daret,
998 2312 1036 2371 ad
1053 2333 1125 2372 eam
1140 2309 1227 2372 Bane·

82 2418 134 2458 rus
156 2407 237 2471 putat
257 2399 374 2463 missam
396 2418 461 2458 esse
489 2400 524 2458 ab
547 2397 670 2459 Horatio
692 2396 850 2473 Epistulam
872 2398 963 2456 iiiam.
1016 2396 1071 2457 Sic
1098 2397 1225 2475 igiturei

82 2483 120 2543 de
142 2495 286 2557 tempore,
311 2505 367 2559 quc
389 2485 438 2542 illa
461 2487 564 2560 scripta
587 2487 644 2559 ait,
666 2505 731 2544 crim
748 2482 876 2559 Spobnio
897 2484 1039 2543 convenit.
1072 2482 1140 2543 'Ad
1160 2482 1224 2541 idem

81 2569 157 2628 illud
178 2571 315 2643 temporis
336 2570 518 2628 intervallum
540 2571 627 2628 refert
651 2569 780 2628 Bauerus
800 2590 925 2627 ornarem
949 2568 1121 2647 Glycerae:
1152 2588 1224 2643 quaa

82 2655 223 2714 diversam
245 2676 310 2715 esse
333 2667 430 2713 censet
452 2676 468 2714 a
488 2654 595 2729 Delia,
618 2654 735 2715 Nemesi
758 2668 787 2713 et
807 2654 929 2713 Neaera.
973 2651 1054 2731 Sed,
1079 2666 1114 2712 ut
1133 2654 1223 2725 dicata,

83 2742 160 2817 quod
182 2742 286 2815 scirtio,
309 2743 464 2816 periculum
487 2752 549 2815 est,
572 2762 617 2813 ne,
641 2742 689 2799 ubi
711 2742 802 2814 poetis
824 2741 967 2798 veteribus
988 2752 1030 2798 tot
1054 2740 1168 2813 praellae
1186 2757 1222 2796 re·

82 2847 151 2886 vera
181 2839 290 2885 ornatas
313 2828 463 2896 tribueris,
495 2838 565 2900 quot
587 2827 748 2900 puellarum
770 2828 884 2883 narnina
906 2827 935 2882 in
955 2826 1134 2883 carminibus
1154 2825 1222 2883 cele-

83 2912 164 2972 brata
186 2922 352 2986 arctarant,
382 2912 503 2970 ridiculo
525 2911 610 2971 modo
632 2913 745 2970 latiaris
766 2922 916 2984 castosque
936 2911 1117 2984 antiquitatis
1137 2922 1221 2985 poetas

82 2998 171 3056 facias
192 2996 322 3056 homines
345 2998 548 3072 propudiosos!
591 2996 691 3055 Nonne
713 2998 758 3055 illi
779 3016 846 3055 suas
868 3006 998 3070 poterant
1019 2994 1128 3055 babere
1149 2997 1221 3053 ratio·

82 3103 153 3155 nes,
182 3084 217 3141 ob
240 3104 310 3157 quas
333 3104 544 3157 rrorrnumquam
565 3083 612 3141 vei
632 3082 698 3140 ficta
720 3082 881 3155 puellarum
901 3101 1017 3139 suanam
1041 3083 1156 3140 tramine
1176 3098 1221 3136 ra-

82 3169 207 3241 tierent,
238 3181 282 3242 et,
307 3190 362 3242 quo
386 3169 488 3227 melius
509 3170 649 3240 laterent,
674 3168 803 3242 neglecta
826 3169 879 3225 ista
900 3168 1051 3224 nominum
1072 3178 1221 3240 perroran-

82 3252 186 3311 dorum
208 3252 293 3329 lege,
323 3258 542 3328 permutarent?
585 3251 667 3312 Nihil
688 3252 839 3325 deliniam,
866 3254 941 3311 sitne
962 3249 1062 3310 Delia
1082 3253 1140 3310 alio
1160 3264 1221 3308 tem·

82 3358 154 3413 pore
185 3338 258 3396 dicta
281 3339 412 3398 Neaera.
467 3337 566 3413 lpsum
594 3338 732 3397 Neaerae
760 3357 885 3414 nomen,
914 3339 973 3412 jam
1002 3358 1053 3413 ap.
1075 3335 1221 3397 Homerum

81 3420 195 3498 Odyss.
227 3422 309 3483 Libr.
338 3424 407 3484 Xll.
436 3445 464 3482 v.
491 3432 562 3485 133.
594 3425 728 3498 obvium,
757 3423 874 3499 gerebat
902 3425 988 3482 etiarn
1018 3425 1157 3482 meretrix
1179 3440 1220 3494 ap.
1244 3494 1247 3499 y

82 3507 193 3568 Athen.
216 3505 286 3566 Lib.
310 3508 400 3569 Xill.
422 3531 448 3568 c.
469 3517 520 3570 ⁵1.
542 3507 627 3568 Tom.
643 3505 685 3567 V.
706 3530 736 3584 p.
754 3516 826 3569 120.
848 3505 950 3568 Sebw.
995 3506 1088 3587 erod
1107 3527 1173 3567 rara
1189 3502 1221 3563 ad

84 3593 242 3670 Glyceram
264 3595 379 3666 attinet,
402 3616 459 3653 non
480 3595 578 3654 dubito
599 3615 717 3671 negare,
741 3614 875 3669 umquam
897 3592 983 3667 buius
1004 3596 1130 3653 nominis
1148 3590 1221 3668 puel·

80 3679 140 3739 lam
162 3679 325 3750 aTibullo‚
349 3682 441 3739 brevis
464 3683 528 3739 aevi
549 3680 678 3756 bomine,
700 3681 791 3739 fnisse
812 3691 944 3739 amatam.
987 3676 1064 3738 Nam
1088 3678 1221 3758 Glycem

79 3786 184 3824 nomen
214 3765 288 3840 apud
311 3764 436 3825 Graecos
465 3767 600 3841 frequens
629 3778 688 3825 est:
726 3776 842 3825 auctore
871 3762 962 3824 Suida
989 3762 1028 3824 T.
1051 3762 1079 3826 l.
1105 3786 1135 3841 p.
1156 3766 1218 3823 486.

81 3848 210 3927 Glycera
242 3844 347 3929 ἑταίρα
375 3873 421 3920 τις
441 3852 514 3926 suit,
545 3851 620 3911 baud
642 3851 729 3909 dubie
749 3850 812 3909 iiiia
834 3849 1017 3910 Tbaiaaaidis
1045 3848 1093 3927 ap.
1119 3846 1218 3909 Ades

78 3935 149 3997 Lib.
173 3934 263 3996 Xlll.
295 3957 320 3995 c.
343 3946 374 3995 a.
404 3935 488 3996 Tom.
509 3934 552 3997 V.
586 3958 614 4011 p.
641 3944 712 3999 118.
744 3932 867 4009 Schw„
905 3937 1063 3995 concubina
1091 3933 1218 4010 Harpali,

80 4034 173 4081 ainata
194 4044 210 4080 a
230 4019 409 4082 Menandrot
432 4022 489 4080 vid.
513 4020 652 4081 Mainake
675 4021 711 4080 ad
729 4018 883 4081 Menandri
904 4019 1022 4097 Fragor.
1043 4042 1073 4097 p.
1095 4026 1148 4083 33.
1186 4015 1218 4079 b

79 4111 123 4168 sic
146 4107 283 4183 Parisios,
310 4111 401 4182 pictor
424 4105 600 4184 Sicyonius,
633 4109 737 4165 amavit
760 4109 789 4166 in
818 4111 933 4182 juventa
957 4106 1118 4184 Glyceram
1137 4104 1218 4165 maai·

79 4195 172 4269 eipem
202 4215 304 4269 arrato,
335 4197 520 4252 inventricem
548 4212 735 4262 coronarum,
768 4193 960 4268 certandoque
988 4195 1148 4252 imitatione
1166 4192 1218 4263 eju

81 4279 118 4338 ad
138 4282 400 4338 numerosissimam
422 4279 525 4349 florrrm
547 4282 714 4338 varietatem
735 4279 873 4353 perduxit
893 4291 983 4337 artem
1004 4278 1101 4353 iilam,
1122 4287 1220 4337 asnar·

80 4375 126 4422 rat
153 4362 263 4423 Plinius
292 4362 329 4424 N.
360 4365 401 4425 H.
429 4364 512 4423 Libr.
536 4362 679 4422 XXXV.
709 4384 735 4422 c.
761 4370 810 4424 11.
841 4365 880 4425 cl.
912 4359 994 4422 Libr.
1024 4360 1119 4424 XXI.
1148 4364 1219 4420 al.

79 4445 201 4507 Romani
220 4451 248 4507 id
271 4471 374 4508 nomen
394 4452 513 4508 mutuati
530 4449 634 4509 blande
654 4451 837 4524 imponebant
855 4449 972 4524 puellis,
994 4468 1068 4523 quas
1088 4448 1220 4519 amabat.

79 4528 145 4591 lam
167 4555 231 4592 cnm
253 4538 316 4609 ipse
338 4534 476 4596 Horatius
504 4536 630 4611 pueliam
655 4535 801 4612 Glycerae
817 4534 936 4595 'nomine
956 4546 1085 4609 amaret,
1114 4545 1146 4593 nt
1164 4551 1222 4592 ean·

81 4628 137 4677 stat
159 4638 197 4676 ex
217 4618 301 4679 Libri
323 4620 347 4679 1.
378 4621 438 4681 Od.
463 4630 513 4685 19.
544 4641 573 4682 v.
596 4629 626 4680 3.
648 4618 705 4681 lit.
728 4628 778 4682 19.
809 4641 838 4681 v.
864 4626 933 4697 284
964 4619 1165 4681 nondifficiie
1185 4626 1223 4677 est

32 4732 36 4737 ·
79 4702 246 4779 intellectu,
276 4725 326 4764 cur
347 4702 402 4766 boe
421 4709 534 4766 nomine
559 4727 630 4766 usus
651 4708 690 4766 sit
710 4705 748 4767 ad
769 4706 973 4784 designandam
992 4703 1107 4767 Tibulli
1129 4704 1224 4765 Nm

79 4790 140 4852 aia.
191 4786 245 4850 liat
272 4786 304 4849 h.
333 4790 356 4852 l.
380 4792 527 4872 Glycerae
551 4812 658 4854 noman
685 4793 858 4871 appellative
882 4793 1028 4869 pomum,
1059 4788 1113 4855 dir
1130 4790 1224 4867 Sint.
