2686 5236
172 694 250 770 276
526 720 576 772 as
602 720 740 774 casare
767 722 989 775 erasmus.

223 880 358 981 impia
383 884 480 956 dum
504 882 652 958 Phoebi
677 886 826 961 Caesus·
850 885 1063 961 rnendacia
1088 888 1208 982 ludit,

291 1003 399 1075 mm
422 1027 528 1075 saorra
554 1000 738 1076 divorum
762 1018 901 1077 manat
926 1005 1157 1082 ‹adulteriue

226 1118 371 1193 Omnia
395 1144 437 1192 sc
462 1146 488 1191 u
515 1118 628 1194 terris
653 1133 749 1195 tunc
772 1121 939 1195 nurnine
967 1123 1243 1217 declinarunt,

293 1236 412 1332 Fugit
436 1250 473 1312 ct
499 1251 666 1312 asarotos
690 1238 845 1338 Jupiter
869 1239 954 1340 ipsc
982 1253 1107 1317 toros.

170 1356 221 1431 Et
253 1356 397 1430 ibidem
437 1354 664 1450 Suetonius,
699 1356 886 1451 „Notatus
920 1366 995 1452 est,
1030 1360 1183 1459 inquit,
1219 1372 1305 1440 etat

169 1475 357 1573 pretiosae
391 1476 632 1572 supellectilis
666 1474 1025 1575 Corinthiorumque
1049 1484 1303 1583 praecupidus,

168 1601 209 1666 et
233 1594 338 1667 aleae
362 1593 577 1692 indulgens.
635 1594 732 1668 Nam
765 1601 806 1667 ct
830 1597 1123 1696 proscriptionis
1149 1609 1304 1703 tempore

169 1714 218 1786 ud
243 1720 407 1787 staulam
432 1707 515 1810 ejus
542 1713 776 1810 adscriptum
801 1721 878 1787 est:

287 1834 407 1904 Putes·
432 1830 705 1925 argentarius,
731 1854 802 1925 ego
829 1829 1147 1927 Corinthiarius,

167 1974 289 2047 quirun
314 1950 616 2041 existimaretur,
655 1949 842 2046 quosdam
873 1957 1035 2048 propter
1060 1978 1156 2029 vasa
1185 1956 1304 2034 Corin·

166 2068 244 2141 thia
268 2068 365 2141 inter
389 2068 618 2167 proscriptos
643 2090 795 2142 curasse
814 2065 1048 2143 referendos.
1103 2071 1157 2147 Et
1182 2078 1304 2153 deinde

165 2185 266 2260 bello
293 2183 483 2259 Siciliensi
508 2186 740 2285 epigrannna
763 2186 960 2286 vulgatum
985 2194 1064 2262 cst:

268 2305 480 2404 Postquam
505 2303 563 2377 eis
589 2305 714 2378 clctsse
737 2301 863 2377 victus
887 2330 1011 2379 succes
1030 2310 1230 2407 perarma,

266 2422 497 2523 Aliquando
523 2434 568 2496 ut
592 2420 749 2515 virwut,
776 2421 880 2495 ludit
904 2423 1067 2499 assidue
1089 2431 1266 2507 aleam“

266 2542 391 2617 Facile
434 2541 661 2639 praevideo,
704 2539 806 2613 haud
846 2565 988 2639 paucos
1022 2542 1135 2641 fore,
1182 2555 1302 2651 quibus

161 2663 257 2737 haec
284 2656 500 2760 conjectura
526 2683 611 2734 mea
638 2658 812 2732 omnium
846 2661 1036 2735 levissima
1070 2666 1302 2745 videaturne

160 2782 377 2858 vanissima.
429 2779 560 2877 Neque
588 2801 652 2868 ea,
679 2775 819 2870 fateor,
845 2781 983 2876 poterit
998 2781 1040 2853 in
1060 2791 1173 2861 tanto
1194 2791 1302 2863 omni·

37 2918 40 2923 '
159 2928 227 2975 um
267 2901 492 2997 scriptorum
535 2896 685 2970 silentio
727 2897 814 2969 ullis
850 2901 1088 2997 argumentis
1136 2910 1300 3004 quamns

160 3020 338 3118 speciosis
354 3021 403 3092 acl
419 3016 607 3112 liquidum
626 3013 918 3114 consessumque
936 3019 1111 3115 permrci.
1169 3025 1300 3100 Verum

160 3138 263 3211 enim
296 3161 389 3211 vero
423 3136 464 3207 in
500 3131 685 3232 ejusmodi
717 3156 850 3207 caussa
876 3136 1203 3233 acquiescendrnn
1228 3145 1299 3237 erit,

158 3255 190 3329 si
215 3254 473 3352 probahilibus
489 3254 699 3327 rationibus
714 3254 1011 3328 demonstratum
1027 3255 1169 3354 fuerit,
1197 3274 1298 3361 potu-

159 3373 232 3446 isse
268 3373 445 3448 aCassio
481 3372 674 3445 Parmensi
703 3371 774 3446 ista
807 3373 999 3470 poematia
1031 3374 1075 3450 in
1110 3377 1299 3457 Caesarem

158 3490 405 3566 Octavianum
432 3490 621 3588 componi.

258 3610 345 3686 Jam
370 3611 538 3707 prinmm
573 3609 613 3680 in
648 3608 778 3708 aprico
805 3617 885 3699 cst,
921 3609 995 3685 ista
1020 3615 1175 3710 omma,
1210 3642 1294 3717 ‹prac

155 3731 327 3804 versibus
352 3730 425 3802 illis
452 3728 770 3828 perstringantur,
805 3730 985 3802 accidisse
1019 3740 1112 3806 ante
1140 3760 1292 3837 pugnam

154 3850 368 3941 Actiacam,
422 3871 512 3946 ergo
556 3848 708 3922 vivente
752 3847 875 3920 adhuc
923 3849 1055 3923 Cassio
1095 3850 1291 3929 Parmensi.

154 3967 314 4041 Famosa
339 3968 410 4040 ista
437 3971 566 4039 δώδεκα
584 3975 675 4038 θεῶν
701 3989 819 4039 coena
844 3967 933 4040 licet
957 3992 1037 4040 non
1055 3981 1210 4047 constet
1227 3996 1289 4071 que

154 4110 255 4160 anno
293 4085 409 4160 fuerit
451 4089 641 4182 instituta,
687 4095 818 4161 tamen
858 4110 930 4183 pre
973 4094 1080 4160 certo
1115 4089 1287 4164 affimrare

154 4206 296 4298 ausim,
335 4206 612 4301 Octavianum,
642 4206 765 4279 timidi
791 4213 830 4278 ct
858 4204 1061 4302 suspicacis
1088 4209 1208 4282 animi
1230 4209 1287 4281 hc·

151 4322 317 4417 minem,
362 4325 504 4399 Romae
539 4351 604 4419 ea,
650 4326 785 4423 ‹pribus
817 4349 896 4397 non
920 4330 1051 4422 posset
1076 4350 1159 4398 non
1184 4323 1287 4399 offen·

153 4441 245 4514 (lere
280 4451 320 4515 et
354 4467 582 4542 exasperare
608 4445 760 4542 plebem
783 4441 1016 4533 famelicam,
1056 4443 1218 4517 numme
1239 4441 1286 4515 ie-

152 4557 247 4632 cisse
273 4561 406 4657 primis
428 4563 686 4637 triumviratus
704 4562 832 4655 antris,
866 4561 933 4634 sed
962 4561 1115 4635 devicto
1146 4563 1284 4635 demam

151 4672 263 4751 Sext.
296 4676 480 4778 Pompejo
515 4689 554 4756 et
587 4681 753 4780 petentia
779 4703 847 4754 sua
872 4685 956 4778 post
981 4677 1177 4779 Lepidum
1199 4679 1284 4753 relc-

148 4804 277 4899 gatum
301 4795 499 4898 insigniter
524 4808 655 4896 atrata,
690 4823 726 4875 o.
748 4799 795 4874 U.
820 4798 864 4874 G.
890 4799 981 4872 718.
1033 4799 1094 4873 Ab
1119 4800 1186 4875 illo
1208 4796 1283 4872 inde
1325 4862 1328 4901 i
