2670 5294
171 699 250 779 260
522 720 574 775 nr
599 722 738 776 csssro
762 720 986 776 rsmssr.

176 891 226 965 ed
259 888 437 989 pecunias
469 886 678 989 exigendas
710 909 801 961 erun
836 887 1009 961 exercitu
1033 894 1075 961 et
1109 886 1231 963 classe
1256 910 1307 963 re-

171 1009 282 1084 lictus
308 1017 379 1084 est.
430 1008 510 1082 Illis
535 1009 583 1081 ad
609 1003 804 1105 Philippos
830 1003 985 1079 devictis
1009 1007 1253 1105 mortuisque
1271 1008 1308 1081 de

172 1122 432 1225 recuperanda
457 1128 632 1200 libertate
665 1150 752 1198 nou¹
771 1125 976 1222 desperans
1001 1149 1094 1200 suae
1120 1125 1242 1225 partis
1262 1126 1307 1199 vi·

171 1270 235 1320 res
273 1241 460 1345 adjrurctis
502 1245 663 1319 aliomm
693 1242 856 1317 navibus
889 1251 927 1317 et
960 1244 1083 1343 copiis
1128 1245 1307 1345 insigniter

173 1364 303 1456 cinxit,
354 1363 499 1437 bellium
531 1371 663 1437 contra
696 1360 936 1437 Triumviros
962 1370 1122 1437 strenue
1144 1386 1307 1461 persecu·

171 1491 295 1557 turus.
353 1482 467 1555 Anno
499 1481 545 1554 U.
573 1481 615 1555 C.
642 1483 732 1556 712.
767 1503 811 1553 se
844 1504 935 1555 cnm
968 1481 1088 1555 classe
1124 1483 1179 1555 ad
1212 1480 1305 1557 Sext.

171 1597 399 1700 Pompeium
424 1599 585 1674 contidit
610 1600 725 1698 eique
750 1599 934 1673 constanti
958 1598 1035 1674 fide
1060 1598 1239 1675 adhaesit
1254 1626 1306 1674 us·

169 1743 246 1818 que
272 1721 322 1794 sd
346 1744 490 1793 armum
507 1720 552 1793 U.
572 1720 614 1794 C.
633 1718 742 1810 718„
770 1742 849 1816 qno
873 1741 975 1793 auno
1000 1719 1109 1793 ilium
1138 1720 1305 1795 insin

171 1839 372 1913 comitatus
398 1846 471 1913 est.
529 1840 579 1911 At
604 1836 716 1912 Sext.
742 1833 917 1936 Pompeii
942 1838 1111 1913 consiliis
1139 1847 1182 1913 et
1204 1852 1304 1914 tanc·

169 1957 279 2033 ritate
305 1964 520 2032 commotus
546 1980 634 2031 cum
659 1956 742 2030 aliis
766 1980 836 2053 per
859 1957 1078 2055 pactionem
1100 1957 1148 2031 in
1172 1956 1226 2031 Μ.
1242 1956 1304 2031 Δι-

169 2076 266 2151 touii
290 2076 407 2150 iidem
432 2100 474 2150 se
497 2074 653 2149 tradidit
676 2098 778 2149 anno
798 2076 843 2149 U.
862 2074 905 2151 G.
922 2078 1011 2151 719.
1063 2072 1195 2177 liujus
1210 2075 1301 2151 fanti·

168 2195 275 2268 liaris
309 2202 347 2270 et
379 2218 508 2269 comes
540 2192 680 2269 mansit
711 2218 833 2293 usque
858 2194 907 2269 ad
932 2218 1102 2294 pugnarn
1129 2196 1300 2270 Actiaca

168 2336 268 2387 anno
293 2313 339 2386 U.
362 2314 406 2388 C.
438 2315 527 2387 723.
593 2312 664 2387 Cui
699 2338 788 2388 cum
819 2312 1078 2406 intorfidsset,
1118 2313 1175 2388 Μ.
1198 2316 1298 2387 Anto·

167 2431 278 2507 nium
309 2455 399 2505 erun
435 2430 634 2530 Cleopatra
672 2431 714 2505 iu
745 2432 964 2533 Aegyptum
997 2430 1213 2531 fugientem
1237 2456 1296 2507 nm

169 2558 322 2625 secutus
355 2551 394 2624 in
429 2550 591 2625 Graecia
630 2551 829 2643 remansit,
874 2558 915 2623 et
948 2551 1030 2625 sive
1065 2552 1162 2625 belii
1197 2552 1296 2625 cisiis

169 2670 420 2745 calamitatem
451 2677 648 2768 pertaesus
683 2670 764 2743 sive
797 2670 897 2743 vitae
937 2693 1206 2769 annorumque
1229 2694 1294 2771 grs-

167 2788 285 2865 vitate
319 2789 512 2864 cousectus
545 2790 732 2885 reliquom
762 2795 924 2862 oetatem
950 2813 973 2860 a
996 2790 1116 2861 rebus
1141 2788 1291 2890 gerendi

165 2909 303 3006 procul
334 2908 475 2981 habere
512 2907 718 2981 coustituit.
778 2906 908 2980 Rebus
940 2907 981 2979 in
1017 2906 1185 2982 Graecia
1210 2932 1290 2985 con·

165 3027 298 3123 positis
332 3027 570 3125 pacatisque,
612 3026 822 3099 litterarum
859 3027 1151 3125 surdiorumque
1187 3048 1288 3103 ceusu

165 3145 325 3218 Athenis
362 3148 532 3220 consedit
563 3145 713 3218 circiter
745 3168 846 3218 anno
879 3146 924 3218 U.
952 3142 995 3217 G.
1021 3148 1112 3219 724.
1148 3147 1286 3222 inmuta
1334 3216 1335 3222 ,

165 3259 257 3362 Ejus
282 3265 412 3337 sedem
438 3288 483 3338 ac
500 3265 659 3338 latebras
677 3288 765 3337 cum
785 3263 1022 3362 cognovisset
1039 3263 1185 3339 Caesar
1200 3264 1286 3339 Oete·

163 3382 317 3476 vitulus,
359 3383 423 3480 qui
456 3382 572 3481 patris
605 3383 663 3455 sui
698 3404 940 3481 percussores
974 3381 1082 3455 vehit
1105 3384 1285 3483 parricid!

164 3502 212 3574 ad
248 3500 550 3574 internecionem
581 3507 893 3597 persequeretur,
938 3522 990 3572 ex
1024 3501 1119 3575 Asia
1146 3503 1283 3578 Athen

163 3617 268 3693 misit
301 3619 343 3711 Q.
370 3617 539 3712 Vanum,
583 3620 677 3693 belii
702 3620 859 3712 ducem,
895 3618 961 3715 qui
985 3618 1099 3693 illum
1123 3621 1280 3696 inerms!
1326 3559 1335 3678 1

163 3761 207 3813 ac
237 3738 496 3836 quiescentem
532 3736 774 3812 interficeret.
843 3736 891 3809 Id
925 3746 1054 3811 autem
1086 3762 1170 3814 uon
1197 3736 1276 3816 vdd
1311 3695 1335 3802 d

163 3858 393 3949 errabimus,
435 3856 468 3929 si
503 3855 644 3930 factum
677 3881 760 3931 esse
786 3858 1047 3949 statuerimus,
1082 3860 1198 3956 pardo
1216 3858 1274 3956 pst
1304 3919 1305 3931 ,

162 3976 207 4051 Ρ.
226 3975 393 4050 Turullii
419 3975 587 4067 obitum,
623 3998 757 4049 mense
781 3972 881 4073 Maio
907 4000 942 4049 a.
960 3976 1005 4049 U.
1024 3975 1068 4049 G.
1087 3979 1176 4051 724.

264 4094 358 4168 Inde
382 4095 547 4193 primum
564 4094 846 4169 evidentissime
861 4093 1110 4193 perspicitur,
1137 4093 1266 4169 cassin
1328 4176 1330 4180 Α

161 4213 365 4288 Etruscum
391 4214 501 4286 iilinn
525 4237 602 4285 non
628 4236 713 4287 esse
738 4238 852 4312 posse
876 4214 1143 4307 Parmensem,
1169 4214 1198 4287 si
1211 4206 1262 4309 qs'·

163 4333 253 4407 dem
291 4357 426 4408 verum
457 4330 555 4407 vidit
588 4330 782 4431 Spohnius
818 4333 1111 4431 admonuitque,
1145 4330 1261 4407 Satin!

162 4449 351 4525 decimam
372 4453 419 4524 ab
436 4450 594 4525 Horatio
620 4452 870 4551 compositam
895 4474 982 4527 esse
998 4476 1134 4527 mense
1150 4438 1262 4527 ΟΜ

159 4566 251 4638 anni
277 4568 322 4641 U.
342 4567 385 4642 C.
411 4569 501 4643 723.
560 4569 643 4645 Ηοο
676 4573 780 4647 enim
805 4579 980 4670 tempore
1003 4570 1160 4646 vivebat
1181 4566 1266 4663 ath,

159 4682 391 4775 Parmensis3
436 4688 485 4762 de
516 4687 678 4765 Utmsco
710 4697 839 4766 sutem
868 4690 923 4764 ibi
956 4713 1085 4764 sermo
1111 4698 1169 4767 est
1188 4692 1233 4763 ut·
1263 4703 1270 4754 1
1298 4649 1335 4812 π

158 4800 318 4880 homine
351 4799 431 4903 jam
462 4806 613 4905 pridem
642 4816 797 4887 mortuo
832 4816 874 4886 et
906 4833 958 4885 ex
990 4806 1196 4889 hominurn
1267 4811 1305 4850 ·“’
