2686 5236
415 627 465 679 aa
494 628 631 679 cassio
658 590 877 679 rasurum.
1137 602 1213 679 277

63 801 240 892 temporo
266 793 406 867 scimus
430 791 673 868 Parmensem
699 790 867 864 Cassium
901 792 1018 866 fnisse
1042 792 1211 867 Alexan·

61 913 169 987 driae
195 912 295 1010 apud
328 911 381 985 Μ.
406 911 626 986 Antonium.
686 909 894 983 Rumorem
921 912 968 984 de
994 912 1064 984 ista
1091 935 1211 986 coena

61 1031 254 1131 perlatum
279 1053 365 1104 esse
389 1031 683 1122 Alexandriam,
719 1051 770 1101 ex
796 1051 843 1102 eo
869 1030 1112 1104 manifestum
1137 1038 1208 1125 est,

61 1152 166 1249 quod
191 1150 277 1241 illa,
311 1158 351 1222 ut
377 1147 581 1223 Suetonius
604 1146 744 1241 refert,
781 1149 829 1220 ab
864 1149 1027 1222 Antonio
1053 1173 1122 1247 per
1146 1151 1210 1224 lit-

60 1276 165 1343 teras
189 1268 423 1342 amarissime
449 1292 537 1341 crim
567 1266 736 1341 convivis
768 1267 920 1366 singulis
952 1268 1127 1342 destricta
1152 1275 1209 1343 at-

60 1410 139 1486 que
173 1387 361 1486 exagitata
394 1394 464 1460 est.
526 1384 634 1460 Sicut
668 1393 797 1458 antem
832 1385 918 1458 illae
944 1387 1099 1459 Antonii
1125 1388 1208 1486 epi·

61 1506 182 1580 stolae
217 1505 494 1579 existimandae
529 1510 615 1577 sumt
646 1504 881 1577 Alexandria
916 1507 1025 1579 datae
1051 1529 1134 1580 esse
1159 1508 1208 1581 ad
1286 1562 1288 1567 -

60 1622 262 1698 Gaesarem
288 1621 558 1712 Octavianum
591 1622 643 1695 ita
668 1646 691 1696 a
716 1646 808 1697 vero
833 1624 991 1697 minime
1016 1623 1206 1719 abhorret,

60 1740 251 1835 Cassium,
287 1741 444 1814 Antonii
469 1740 715 1832 familiarem,
752 1747 791 1839 et
816 1741 942 1839 ipsum
966 1768 1038 1841 pro
1063 1744 1206 1843 ingenii

59 1860 351 1958 studiorumque
364 1859 512 1933 ratione
530 1858 729 1933 strinxisse
745 1860 926 1934 adversus
944 1858 1206 1954 Octavianmn,

59 1978 124 2053 oui
149 1978 429 2052 mimicissimus
455 1985 573 2071 esset,
600 1977 913 2077 epigrammatum
940 1979 1103 2054 aculeos.
1144 1981 1207 2054 llli

56 2097 174 2198 igitur
205 2084 339 2173 versans
374 2095 631 2171 Alexandriae
665 2119 687 2169 a
721 2097 851 2172 Cassio
894 2099 1093 2198 compositi
1126 2100 1205 2174 Ro·

56 2239 240 2313 mamque
265 2215 346 2291 aive
371 2240 442 2313 per
467 2215 703 2288 occasionem
729 2216 810 2290 sivo
836 2241 924 2289 etun
942 2218 1097 2291 Antonii
1122 2220 1206 2319 epi·

57 2334 165 2408 stolia
198 2332 303 2407 missi
339 2334 530 2408 neminem
563 2334 704 2407 mirum
736 2333 893 2408 habebit
927 2335 993 2433 qui
1025 2336 1109 2411 fieri
1134 2364 1206 2438 po·

56 2453 174 2527 tuerit
198 2459 244 2525 ut
269 2452 351 2527 sine
376 2460 530 2527 auctore
556 2451 846 2526 innotescerent.
899 2453 1074 2545 Accedit,
1101 2458 1206 2554 quod

56 2594 193 2648 versuo
232 2571 295 2645 isti
337 2573 480 2670 paritor
513 2579 627 2669 atque
661 2570 817 2643 Antonii
851 2573 1033 2669 epistolae
1075 2576 1203 2674 aliquo

57 2698 231 2790 tempore
255 2697 342 2788 post
367 2715 527 2767 coenam
552 2691 593 2763 iu
617 2689 721 2788 milgi
746 2689 917 2763 notitiam
935 2692 1113 2767 videntur
1135 2718 1205 2770 ve·

55 2809 173 2883 nisse.
223 2809 319 2884 Nam
347 2810 456 2908 plebs
489 2833 596 2887 suam
621 2808 919 2907 indignationem
944 2817 1120 2885 testatam
1144 2811 1203 2887 fe·

58 2927 110 3003 cit
143 2928 328 3025 postridie
371 2929 636 3003 acclamandor
681 2951 794 2999 ona-ne
822 2927 1078 3023 srrnnentum
1112 2931 1203 3007 deos

57 3045 268 3121 ambedisse
292 3059 329 3121 et
359 3049 567 3124 Caesarem
599 3072 681 3120 esse
699 3046 825 3143 plane
849 3044 1097 3144 Apollinem,
1134 3052 1204 3122 aad

63 3166 343 3262 Tortorem⁵²).·
387 3166 443 3237 illi
477 3175 607 3238 autem
638 3189 771 3239 versus
804 3165 927 3238 serius
960 3168 1121 3240 demum'
1139 3168 1201 3241 in-

56 3290 277 3357 notuerunt.
337 3284 512 3381 Denique
537 3284 618 3358 sive
643 3282 806 3356 formam
832 3283 913 3358 sive
939 3293 1202 3383 argumentum

56 3426 238 3477 versuum
263 3411 496 3502 spectamus,
522 3428 602 3476 non
628 3402 740 3476 scribi
768 3410 943 3500 poterant
971 3405 1042 3476 uisi
1069 3407 1116 3477 ab
1141 3431 1201 3500 eo,

55 3521 126 3619 qui
159 3522 336 3623 ingenio,
377 3521 548 3595 doctrina
581 3522 806 3621 linguaeque
839 3523 1085 3596 amandentia
1110 3547 1203 3621 qua·

57 3640 147 3713 dam
171 3640 333 3739 polleret
357 3639 473 3736 impie
500 3638 747 3714 Octavianum
781 3642 869 3714 odio
902 3642 1077 3714 incensus
1102 3650 1201 3715 esset

55 3758 303 3835 vehementia¹
329 3765 532 3856 utrumque
557 3766 686 3832 autem
720 3759 820 3832 cadit
844 3759 885 3832 in
911 3757 1084 3834 Cassium
1108 3759 1201 3834 Par·

55 3900 242 3952 mensem.

158 3994 207 4069 Iu
237 3996 322 4095 ipso
352 4002 478 4071 autem
510 3996 585 4070 boc
611 3997 799 4090 carmine,
843 4001 948 4095 quod
973 4023 1042 4072 sua
1066 4005 1199 4074 natrua

55 4112 212 4189 deberet
236 4138 320 4190 esse
349 4116 589 4208 alvsynacnrdr,
627 4138 780 4190 necessa
814 4125 873 4188 est
905 4118 1015 4214 plura
1039 4119 1199 4191 obscura

53 4232 170 4309 nobis
193 4231 269 4308 sint
293 4242 425 4335 utpote
450 4235 716 4311 remotioribus
741 4235 789 4309 ah
815 4257 880 4328 ea,
916 4259 991 4335 qua
1017 4236 1199 4336 scriptum

55 4428 265 4440 -ψ

143 4542 201 4615 62)
229 4537 277 4602 Dc
308 4543 454 4621 Apolline
492 4544 619 4604 Tortorc
645 4543 769 4613 videsis,
807 4556 920 4619 praeter
950 4542 1132 4621 Biittigerum
1167 4546 1198 4605 iu

52 4623 209 4686 Wielandi
237 4623 344 4689 Museo
374 4627 475 4689 Attico
501 4626 573 4688 Vol.
596 4628 622 4689 1.
652 4651 681 4704 p·
707 4632 797 4704 357„
827 4630 932 4689 librum
953 4634 1101 4710 egregium
1122 4626 1198 4691 Ans.

53 4707 265 4775 Fenerbaebiir
286 4712 356 4779 Dar
377 4711 587 4779 Vaticaniaclc
607 4713 709 4794 Apoll
725 4711 849 4790 (Nema.
874 4721 981 4789 183³.)
1002 4737 1033 4794 p·
1045 4722 1121 4785 277.
1134 4736 1200 4794 sqq.
