2670 5294
292 313 341 363 nr
368 314 504 365 cnssro
531 312 752 366 rnumrusr.
1015 291 1092 366 273

89 473 293 550 modatiore
317 483 469 574 poterat
493 477 641 552 versari
665 476 834 551 sardium
857 474 976 552 Cassii
1000 476 1092 551 Par-

103 648 115 689 ,
150 590 370 696 Pompeiani
402 595 502 669 illius
537 604 577 669 et
601 595 694 671 Julii
720 595 890 670 Caesaris
917 594 1092 669 ‹lomina-

89 713 266 813 sgerrime
290 712 469 809 ferentis,
505 738 621 811 quam
652 715 694 788 in
726 715 924 816 eogitanda
949 713 1094 788 ‹leseri-

89 855 151 928 1ue
184 832 232 905 L.
267 830 372 906 erii
404 832 529 923 Bruti,
574 858 710 933 regum
740 831 973 930 expulsoris,
1014 831 1095 907 vir·

91 945 111 1022 i'
136 948 185 1023 Et
210 975 308 1049 qnae
333 951 527 1050 tragoedia
536 949 701 1026 Varroni
725 947 959 1050 Pompeiano
982 959 1095 1051 pote-

89 1069 163 1141 leri
188 1067 335 1169 dignior
359 1069 554 1144 mentione
579 1093 624 1144 ao
638 1070 773 1164 laude,
807 1093 923 1169 quam
946 1071 1096 1144 Bruma

91 1239 104 1276 ,
147 1189 206 1260 sui
240 1212 365 1286 nuper
397 1189 666 1264 commilitonis
698 1195 739 1261 et
763 1197 900 1288 poetae
924 1182 1095 1289 egregii?
1236 1214 1244 1229 ·

88 1306 245 1404 uidquid
272 1314 331 1380 est
350 1303 469 1407 'hrrjus
495 1302 735 1403 conjecturae
742 1360 754 1400 ,
789 1307 831 1381 id
855 1306 897 1380 in
923 1305 1096 1381 confesso

89 1485 90 1494 ,
128 1424 298 1498 Cassium
322 1424 567 1501 Parmensem
597 1420 675 1525 jam
700 1432 786 1499 ante
811 1424 902 1500 Julii
928 1422 1097 1498 Caesaris

89 1568 111 1616 n
135 1567 187 1616 ex
212 1544 383 1618 doctrina
408 1543 577 1616 nobilem
605 1551 646 1616 et
670 1542 814 1617 alarum
839 1541 955 1615 fuisse
980 1550 1097 1639 atque

89 1663 128 1734 ris
154 1663 366 1735 carminum
379 1662 497 1762 gloria
512 1658 696 1736 floruisse.
746 1661 843 1736 Hine
862 1660 977 1734 etiam
992 1684 1099 1734 eom·

89 1806 139 1852 :ur
163 1780 219 1873 id,
255 1781 357 1878 quod
393 1779 588 1855 verisimili
614 1778 829 1881 conjectura
854 1779 958 1853 ‹luoti
984 1788 1015 1868 ξ.
1037 1777 1097 1851 15.

89 1922 193 1992 mus,
238 1898 438 1971 Horatium
479 1894 557 1996 jam
598 1899 727 1997 prius,
770 1924 886 1999 qnam
928 1897 1099 1971 Athenas
1148 1912 1153 1921 '

114 2040 216 2090 anno
241 2018 285 2091 U.
315 2015 357 2090 C.
380 2017 469 2090 709.
496 2041 540 2090 ae
565 2018 617 2090 Μ.
640 2018 747 2091 Bruti
773 2025 893 2092 castra
918 2039 1099 2113 sequere-

89 2137 223 2210 nomae
257 2135 409 2210 novisse
437 2134 606 2208 Cassium
630 2133 897 2228 Parmensem,
935 2157 1100 2232 eumque

89 2278 113 2328 r
151 2254 292 2354 ingenii
334 2252 622 2352 carminumque
663 2253 932 2354 praestantiam
974 2251 1101 2353 magni

89 2396 188 2446 asse.

89 2499 195 2589 taque
219 2491 310 2565 satis
336 2499 484 2565 eertum
518 2513 603 2564 esse
627 2489 776 2566 videtur
783 2542 796 2583 ,
832 2490 925 2579 diras
950 2494 1054 2563 certe
1078 2513 1103 2563 a

89 2648 91 2668 ι
116 2609 309 2684 Parmensi
335 2609 495 2710 scriptas
519 2607 637 2683 firisse
660 2607 895 2709 tragoedias,
932 2608 1102 2680 Brutum

89 2728 257 2826 lyestem.
316 2727 412 2801 Nam
447 2753 569 2826 quum
593 2729 695 2826 apml
717 2723 926 2827 Apuleium
951 2727 1000 2800 ‹le
1027 2724 1104 2800 Or-

89 2846 160 2944 rph.
187 2854 218 2933 §.
241 2847 304 2919 28.
328 2845 510 2946 legimus=
550 2838 744 2936 ‚stamius
768 2849 932 2920 Severus
954 2844 1000 2919 e’m
1024 2845 1102 2921 IV.

89 2962 220 3052 rdiu,·“
254 2966 413 3062 planum
446 2965 600 3061 (undem
635 2973 711 3058 est,
746 2965 818 3038 sub
841 2964 914 3038 isto
939 2987 1103 3038 nrnnero

89 3090 195 3154 ,atere
231 3106 373 3156 nomen
407 3078 566 3182 aliorrjus
591 3083 809 3183 tragoediae
835 3092 873 3157 et
896 3083 959 3156 Fr.
980 3080 1105 3157 Osan-

89 3200 122 3272 iu
145 3198 273 3273 Jahnii
297 3200 431 3273 Annal.
446 3200 582 3275 Philol.
609 3208 649 3275 et
669 3201 878 3301 Paedagog.
894 3201 981 3276 Vol.
997 3199 1105 3273 XHl.

104 3346 144 3416 p.
169 3318 258 3390 324.
283 3327 463 3417 peracute
490 3315 696 3420 conjecisse
720 3320 782 3392 Io.
841 3319 892 3391 At
916 3342 1009 3393 voro
1034 3318 1106 3392 iste

89 3433 149 3537 jus
181 3461 297 3535 quam
329 3446 476 3512 temere
508 3444 670 3514 vocetur
701 3437 750 3510 ad
775 3436 1033 3511 testimonium
1058 3436 1106 3510 de

89 3588 95 3624 r
127 3553 324 3629 Parmensi
356 3556 579 3650 dicendum,
622 3551 713 3657 jam'
726 3580 840 3656 supra
865 3565 897 3646 o.
916 3560 953 3630 7.
979 3562 1106 3630 osten-

89 3727 119 3866 l.
155 3789 459 3891 Epigrammata
493 3790 611 3866 Cassii
642 3791 857 3866 Parmensis
883 3817 969 3867 orrm
995 3793 1107 3868 laude

89 3911 278 4004 emorari,
318 3909 511 3984 affirmant
555 3907 789 3985 Scholiastae
825 3910 983 3986 Horatii.
1048 3911 1109 3987 Ad

89 4152 112 4222 .)
129 4146 196 4208 lloc
214 4150 291 4209 euim
311 4160 508 4226 argumentum
530 4170 598 4224 prae
620 4151 739 4209 meteri·
758 4151 898 4226 populare
918 4162 989 4214 erat.
1023 4149 1111 4233 Quod

89 4243 101 4295 t
130 4233 321 4312 fragmentum
350 4236 472 4294 eontinet
504 4237 590 4295 verba
621 4232 775 4295 Lucretiae
805 4235 842 4295 ed
871 4249 1003 4312 parentes
1030 4257 1111 4310 siros,

89 4338 102 4378 e
127 4320 236 4379 nefaria
271 4320 387 4379 audacia
417 4317 500 4380 Sext.
531 4317 679 4394 Tarquinii
705 4335 942 4399 conquereretur,
979 4334 1011 4381 nt
1040 4323 1112 4381 bene
1222 4348 1225 4353 ’

89 4413 102 4462 t
121 4400 254 4482 Scaliger
275 4404 312 4464 ed
334 4402 459 4466 Varron.
482 4401 554 4468 vot
576 4402 615 4465 ll.
636 4425 667 4482 p.
686 4412 759 4467 122.
773 4406 843 4484 Bip.

89 4523 212 4599 retur.
232 4501 407 4567 cerrum.
565 4595 568 4599 ‚
850 4507 899 4580 18
1117 4528 1195 4616 ι
