2670 5294
76 816 79 821 ‚
139 712 212 787 166
498 708 548 788 da
576 738 760 791 001000
786 732 934 790 sonus.

139 903 390 995 0006000001,
426 910 579 977 mortuo
613 904 773 979 demum
807 902 995 1002 mscepits
1038 900 1138 977 obiit
1171 907 1295 977 autem

139 1023 312 1121 Lepidus
338 1044 444 1096 asmo
453 1020 499 1096 U.
517 1020 560 1095 G.
576 1022 689 1116 741.,
713 1029 760 1096 01
777 1022 959 1097 discimus
983 1044 1034 1097 cx
1049 1018 1293 1095 1110006000.

140 1142 249 1217 Libr.
265 1139 364 1216 LIV.
392 1166 425 1215 c.
445 1144 509 1215 27.
535 1149 576 1215 01
600 1141 815 1242 Augustsun
840 1164 974 1217 mense
1010 1140 1172 1215 demum
1196 1138 1294 1213 Mar·

142 1261 259 1335 tica.
286 1259 327 1333 U.
353 1258 395 1333 G.
421 1260 511 1334 742.
543 1268 764 1358 cooptatum
800 1285 887 1336 esse
918 1257 1146 1335 Pontificem
1171 1256 1293 1332 Maxi-

143 1405 253 1454 mum
286 1378 454 1454 ostendit
486 1377 692 1478 Fogginius
725 1380 772 1454 ad
798 1380 930 1454 Festos
954 1378 1152 1452 Praenest.
1178 1403 1219 1476 p.
1236 1380 1291 1451 23.

143 1496 278 1596 Neque
304 1505 397 1596 puto
425 1520 514 1571 eum
538 1520 691 1571 morum
716 1498 919 1599 legumque
942 1496 1101 1572 nomine
1125 1495 1291 1595 potuisse

144 1616 252 1716 prius
276 1615 440 1708 laudari,
466 1639 583 1713 (paam
608 1616 813 1715 recepisset
830 1640 984 1691 morum
1006 1614 1219 1715 legumque
1238 1636 1291 1688 rc-

145 1734 273 1835 gimen
306 1741 558 1834 perpetuum,
601 1736 708 1832 ‹psod
741 1759 843 1811 0000
879 1736 924 1811 U.
954 1734 998 1810 C.
1024 1733 1117 1808 735.
1153 1732 1292 1808 factum

144 1876 229 1929 csse
262 1862 394 1929 auctor
428 1862 488 1928 est
520 1853 593 1928 Dio
632 1851 736 1929 Cass.
770 1854 878 1929 Libr.
904 1852 1007 1929 LIV.
1041 1877 1077 1928 c.
1106 1853 1193 1948 lc,
1227 1874 1291 1926 nec

145 1972 274 2072 prius,
318 1992 435 2069 quam
467 1968 634 2047 dedisset
665 1972 791 2075 legam
824 1971 966 2047 Juliam
998 1971 1049 2047 da
1083 1972 1289 2063 adulteriis,

145 2115 261 2189 quam
296 2090 412 2165 lotum
436 2116 520 2166 ease
545 2091 685 2167 00100ιο
710 2114 809 2168 0000
834 2090 881 2167 U.
907 2082 952 2167 U.
977 2089 1070 2165 736.
1096 2098 1166 2165 001
1190 2090 1291 2165 initio

145 2210 234 2283 0001
262 2210 304 2282 U.
325 2208 367 2282 C.
383 2210 471 2284 737.
481 2261 493 2303 ,
519 2220 564 2283 01
580 2212 790 2286 docuemnt
807 2209 1092 2285 Stockmannus
1115 2211 1162 2285 in
1181 2209 1291 2285 Chre·

146 2324 349 2401 stomathio
382 2326 483 2404 iuris
516 2328 648 2404 Horat.
684 2330 851 2429 Sp'ecim.
875 2328 981 2404 vm.
1013 2356 1054 2431 p.
1073 2328 1146 2405 111.
1175 2330 1291 2428 (Lips.

148 2446 279 2543 1810.)
323 2454 365 2520 01
404 2446 536 2521 Bachii
569 2448 711 2523 Hister.
745 2448 909 2549 durispr.
943 2448 1055 2524 Rom.
1090 2448 1204 2523 Libr.
1229 2446 1291 2521 111.

146 2562 238 2664 Cap.
258 2565 295 2639 l.
322 2564 426 2641 Seot.
443 2570 482 2641 2.
508 2576 539 2657 1.
561 2572 598 2642 2.
624 2594 664 2667 p.
682 2566 771 2642 320.
822 2568 944 2643 Porro
959 2566 1031 2641 Vir
1056 2567 1291 2643 doctissimus

146 2694 275 2786 urget,
303 2687 407 2784 quod
433 2710 456 2761 a
480 2686 603 2762 Dione
630 2684 731 2763 Cass.
755 2684 860 2762 Libr.
876 2685 979 2761 LIV.
1005 2710 1040 2760 c.
1058 2687 1124 2761 36.
1151 2694 1289 2760 100100

145 2812 340 2900 narratu,
374 2808 572 2883 decretum
595 2804 733 2900 fuisse,
765 2815 813 2880 ut
835 2804 955 2881 Janus
979 2804 1169 2881 Geminus
1195 2804 1289 2879 0100-

146 2922 322 3019 deretnr,
349 2929 418 3002 sed
443 2952 521 3027 quo
546 2926 672 3002 minus
697 2926 739 3000 id
762 2923 893 3020 tieret.
927 2924 1052 3001 110000
1077 2930 1118 2998 01
1143 2923 1288 2998 Delma·

144 3048 203 3116 tas
229 3042 431 3120 obstitisse.
482 3046 535 3119 At
559 3045 657 3120 hauc
683 3042 947 3120 diffictdtatem
970 3044 1072 3118 bene
1096 3039 1287 3143 expedivit

146 3156 343 3236 Massonus
377 3163 419 3236 in
451 3162 548 3239 Jano
581 3163 713 3238 Reser.
747 3162 848 3239 Seot.
876 3162 948 3237 111.
982 3185 1016 3238 0.
1045 3163 1108 3237 ll.
1143 3188 1185 3262 p.
1207 3162 1286 3236 216.

144 3282 226 3349 000
249 3285 394 3354 temere
418 3281 588 3356 reiercus
622 3282 743 3359 verba
766 3282 920 3357 Dionis:
959 3285 1017 3352 καὶ
1039 3282 1109 3353 ὅσα
1137 3284 1198 3355 ἐπὶ
1224 3285 1288 3360 ταῖς

146 3398 254 3483 νίκαις
279 3400 468 3493 ἐψήφιστο,
498 3398 522 3493 ἢ
552 3406 609 3474 καὶ
637 3398 747 3487 Uticae
776 3403 970 3495 καθήκοντα
998 3403 1181 3494 γενέσθαι,
1217 3400 1289 3471 dua·

145 3518 282 3594 τέλεσαν
307 3519 421 3594 etiam
446 3518 495 3593 ad
519 3520 658 3597 Janum
682 3519 827 3619 pacatis
852 3519 927 3593 illis
947 3519 1097 3619 popidis
1114 3540 1210 3596 vore
1226 3516 1291 3591 ob·

145 3643 314 3711 00000100
339 3661 439 3713 anno
460 3640 505 3713 U.
523 3638 564 3714 G.
579 3640 668 3714 744.
719 3638 850 3737 Neque
876 3638 967 3713 huic
992 3639 1205 3713 sententiaa
1229 3635 1291 3709 ad·

143 3764 337 3851 versatur,
365 3760 469 3857 quod
494 3758 592 3835 dano
618 3758 776 3833 tertirms
801 3758 927 3833 clauso
943 3755 1108 3858 subjecit
1124 3756 1291 3845 Parthos,

145 3876 214 3975 qui
237 3877 397 3952 redditis
414 3902 515 3953 a1mo
533 3880 580 3953 U.
598 3876 640 3952 G.
657 3878 745 3952 734.
773 3876 889 3977 signis
908 3876 1072 3951 Romam
1089 3875 1291 3951 formidare

138 3990 360 4094 coeperant.
412 3994 493 4072 Sed
518 3996 842 4097 quemadmodum
867 4018 981 4094 saepe
1006 3995 1191 4069 Horatius
1211 3999 1292 4067 ante

141 4110 254 4189 ⁴iilum
279 4139 423 4189 anniun
449 4117 670 4190 adhortatus
695 4114 820 4189 iuerat
845 4116 1077 4215 Augustum,
1104 4122 1150 4189 ut
1173 4139 1226 4188 ne
1248 4111 1293 4187 ai·

141 4241 255 4308 00001
279 4232 413 4310 Medos
439 4236 613 4333 equitare
633 4234 797 4329 inultos,
822 4232 875 4307 ita
892 4233 1051 4332 posthac
1066 4234 1110 4307 in
1126 4230 1293 4335 ejusdem

141 4348 295 4426 lassdem
330 4361 602 4430 commemorat
643 4353 772 4428 hostes
815 4353 909 4428 istos
946 4352 1101 4453 imperii
1136 4347 1292 4427 Romani

141 4464 401 4547 ferocissimos
425 4497 505 4548 non
529 4472 691 4572 amplius
715 4496 800 4548 esse
817 4471 1022 4547 timendos.
1072 4470 1202 4573 Igitur
1224 4491 1292 4544 000

145 4606 246 4683 opus
271 4596 345 4684 001,
384 4600 429 4665 01
460 4591 523 4668 hic
549 4594 599 4668 de
622 4594 719 4673 Jano
746 4593 892 4668 iterum
919 4592 1099 4667 obscrato
1126 4614 1227 4665 anno
1253 4585 1291 4661 U.

145 4702 188 4777 G.
219 4706 309 4780 726.
345 4708 542 4809 cogitetur.
600 4710 720 4790 Poeta
749 4734 825 4788 nec
855 4718 985 4811 potest
1008 4732 1084 4786 nec
1109 4709 1229 4786 debet
1250 4702 1289 4783 ad
