2686 5236
147 608 177 686 6
502 631 553 684 or
579 630 616 681 ι.
641 628 769 684 verro
795 626 942 681 rorra·

52 790 783 897 'iumlfdidtnthepecn'rm
825 796 1333 894 qnmmrperml

149 916 254 1011 coire
273 939 433 1015 caepere,
459 910 590 1014 qualia
613 909 762 1013 aliquia
773 908 956 1011 ΜΗ(

227 1035 332 1130 Quae
357 1039 485 1107 autem
516 1032 592 1106 hoc
626 1031 675 1104 do
706 1037 928 1133 argumento
959 1027 1026 1105 diu
1056 1027 1285 1127 inrdturmque

151 1159 425 1233 commentatum
445 1174 551 1245 aum,
576 1173 645 1244 ea,
669 1147 811 1247 fatcor,
836 1149 1046 1224 maximam
1059 1155 1212 1248 portem
1226 1149 1287 1221 du·

150 1281 212 1352 cta
235 1277 323 1349 aunt
346 1294 401 1345 ex
423 1263 665 1371 conjecturis,
692 1292 791 1368 «prae
815 1269 856 1344 in
874 1275 1177 1370 quantacumque
1196 1265 1289 1343 veri-

149 1390 392 1471 similitudine
415 1387 655 1487 acquiescere
672 1389 867 1467 deberent.
916 1386 1048 1486 Neque
1063 1387 1142 1461 hoo
1163 1409 1289 1485 qnem-

150 1535 289 1615 quam,
315 1532 360 1584 re
385 1505 555 1608 cognita,
579 1505 721 1583 minum
745 1506 915 1583 habebit.
964 1505 1062 1581 Nam
1078 1505 1289 1605 scriptores,

151 1631 292 1733 quibua
323 1626 410 1705 satie
444 1624 556 1701 certia
587 1627 802 1703 auctoribus
841 1626 915 1701 hac
956 1626 998 1701 in
1037 1648 1174 1700 cauma
1209 1621 1290 1699 stari

151 1755 287 1850 quent,
323 1744 530 1822 admodum
561 1744 684 1845 pauci,
705 1752 808 1821 nunt.
865 1744 1095 1844 Plerumque
1120 1744 1171 1820 ad
1195 1741 1292 1819 te&

151 1867 326 1945 monium
349 1862 553 1941 dicendum
576 1864 739 1940 vocandi
763 1871 873 1939 erant
892 1863 1141 1941 Grammatioi
1164 1869 1210 1940 et
1231 1858 1292 1962 qui

151 1984 269 2063 hodie
294 1984 469 2059 dicuntm
493 1989 691 2082 poetarum
714 1991 886 2060 veterum
911 1980 1166 2080 Scholimtae,
1202 2004 1293 2081 quo·

152 2127 242 2183 rum
263 2102 357 2179 fides
380 2126 498 2201 quam
516 2101 565 2177 sit
590 2101 756 2177 sublesta
777 2127 822 2178 ao
837 2104 974 2201 dubia,
999 2125 1118 2178 nemo
1135 2125 1205 2179 me
1220 2122 1294 2177 me·

31 2287 34 2291 .
77 2226 84 2247 “
152 2222 226 2303 lius
250 2222 438 2321 iutelligit.
487 2218 622 2321 Neque
645 2228 773 2297 tamen
797 2246 864 2319 ea,
907 2246 1006 2322 quae
1031 2221 1135 2321 apud
1158 2245 1230 2297 eor
1251 2219 1294 2297 de

153 2338 202 2418 L.
218 2339 335 2416 Vario
359 2340 476 2417 relata
498 2339 697 2441 legrmtur,
736 2339 816 2418 levi
846 2341 908 2420 vel
939 2340 1187 2442 supercilioso
1213 2361 1296 2417 cum

155 2466 377 2560 contemptu
392 2453 527 2563 rejeci,
552 2458 620 2533 ned
640 2458 796 2535 adhibui
815 2459 944 2537 omnia
960 2466 1002 2536 et
1017 2458 1058 2537 in
1072 2483 1158 2535 rem
1173 2483 1296 2536 meam

154 2577 345 2675 converti,
377 2576 411 2652 si
434 2575 612 2677 quidem,
643 2576 713 2652 ubi
736 2575 860 2654 fontes
884 2579 988 2654 adire
1011 2604 1090 2655 nou
1113 2578 1227 2678 licet,
1249 2578 1297 2655 ri·

153 2698 262 2776 vulos
296 2695 508 2773 consectari
538 2720 609 2773 noa
640 2704 804 2798 oportet.
855 2696 935 2775 Sed
967 2705 1095 2773 tamen
1129 2698 1298 2775 animum

135 2817 290 2907 ¹acriter
313 2815 458 2891 intendi
482 2814 530 2891 ad
556 2816 788 2913 cavendum,
821 2841 872 2894 ne
898 2843 921 2894 a
944 2816 1106 2893 librariis
1130 2817 1175 2893 in
1198 2814 1297 2893 frau·

155 2937 245 3010 dem
268 2935 469 3010 induceret
494 2939 555 3028 et,
599 2935 704 3032 quod
731 2936 841 3014 Varo
866 2936 1031 3036 eripiam
1050 2936 1297 3012 -tribuondm

154 3059 275 3149 esset,
301 3052 352 3130 L.
372 3050 498 3131 Wrrio
515 3052 675 3150 Poetae,
701 3079 780 3153 quo
798 3055 847 3131 de
863 3056 1006 3157 agibrr,
1033 3054 1296 3131 adscriberem.

155 3171 359 3247 Caeterum
388 3169 429 3244 id
462 3194 619 3271 qnoque
651 3197 808 3273 operam
843 3175 951 3271 dedi,
991 3182 1038 3249 nt
1068 3196 1121 3248 ne
1146 3180 1297 3274 captam
1331 3194 1333 3231 ¹

154 3289 339 3369 acuminis
364 3286 561 3395 cujmdam
576 3291 730 3368 laudem
751 3293 947 3369 modestae
966 3287 1207 3394 conjecturae
1226 3298 1297 3368 ter·

154 3406 282 3487 minos
305 3409 529 3511 egrederer,
570 3433 688 3506 neve,
728 3436 828 3511 quae
853 3411 1023 3488 collectis
1048 3413 1208 3488 demum
1230 3436 1297 3486 nu·

156 3528 370 3628 deerrmque
387 3528 615 3627 rationibus,
640 3530 887 3631 probabiliter
902 3530 1054 3607 inventa
1067 3537 1207 3629 essent,
1230 3550 1297 3636 pro

156 3645 270 3723 certis
295 3647 578 3750 exploratinque
603 3648 850 3726 venditarem.

257 3764 305 3839 In
337 3768 535 3843 tractando
569 3774 702 3843 autem
731 3769 811 3844 hoc
832 3777 1053 3872 argumento
1078 3791 1172 3844 erun
1195 3764 1298 3867 nequi
1330 3772 1333 3833 l

158 3884 296 3987 placuit
320 3908 451 3961 rerum
465 3886 651 3983 ordinem,
677 3894 720 3962 ut
733 3888 899 3987 primum
913 3889 956 3962 iu
973 3886 1022 3965 L.
1038 3886 1146 3963 Varii
1170 3908 1298 3991 genus,

157 4012 320 4081 aetatem
345 4004 510 4105 aliaeque
542 4005 641 4083 vitae
664 4029 727 4082 ren
752 3991 983 4107 diligentius,
1019 4031 1135 4107 quam
1160 4029 1185 4081 a
1208 4029 1299 4105 qno·

156 4149 271 4222 quam
287 4131 372 4200 aute
393 4148 458 4200 me
476 4119 617 4201 factum
633 4132 702 4222 est,
727 4125 969 4224 inquirerem,
996 4126 1134 4201 deinde
1151 4126 1202 4200 de
1220 4120 1299 4228 eiua

156 4241 320 4343 iugenio,
347 4242 516 4325 doctrina
540 4252 580 4320 et
603 4243 762 4343 scriptia,
788 4251 869 4319 tum
890 4244 1061 4346 genuinis
1067 4298 1081 4342 ,
1106 4251 1189 4318 tum
1214 4268 1300 4345 spu·

157 4361 243 4463 riis,
278 4363 490 4464 aingrdatim
523 4370 562 4439 et
586 4371 758 4440 accurate
784 4387 1034 4462 exponerem,
1070 4370 1110 4438 et
1136 4363 1301 4463 denique

80 4492 84 4499 '
157 4479 367 4556 carminum
399 4479 501 4585 ejus,
544 4507 644 4583 quae
675 4491 886 4582 aupernmt,
919 4483 1097 4583 reliqrriaa
1130 4482 1302 4558 collector

156 4596 430 4700 illmtrataaque
452 4599 684 4703 proferrem,
708 4626 788 4678 non
805 4603 984 4705 neglectio
1006 4603 1066 4699 iia,
1092 4624 1194 4701 quae
1218 4606 1303 4678 anta

156 4738 222 4792 me
249 4742 339 4795 cum
363 4719 449 4818 alii,
476 4728 559 4797 turn
581 4721 753 4823 inprimis
775 4720 894 4800 laurus
917 4721 1137 4826 Rutgerniur
1160 4721 1204 4799 in
1227 4720 1305 4799 Le-
