2686 5236
417 611 468 663 ur
494 613 530 662 ι.
558 611 683 664 vsaro
710 612 855 664 sorra,
1152 589 1200 667 41
1300 590 1315 615 '

55 776 182 853 amico
215 779 255 851 et
286 773 391 874 opud
421 772 682 851 Maecenatem
713 774 955 873 convictore,
990 801 1078 854 eam
1102 801 1207 854 oom-
1333 863 1336 867 ⁴

53 894 281 972 mrmicaritr
306 900 469 992 uterque
486 896 818 996 comprobarunt.
851 897 933 971 Hoe
948 897 1030 996 ipso
1049 899 1207 974 ‹lemmn

53 1022 233 1114 tempore
257 1020 340 1092 orta
364 1014 461 1087 mibi
485 1015 637 1089 ridetur
661 1014 809 1089 Horatii
839 1040 928 1090 οιιιιι
952 1014 1069 1092 Vario
1093 1016 1207 1091 fami·

52 1134 218 1226 liaritas,
242 1132 323 1208 i.e.
349 1156 384 1206 a.
403 1133 449 1206 U.
466 1131 509 1207 G.
529 1135 640 1228 714„
666 1158 745 1231 quo
771 1158 870 1210 anno
889 1133 1027 1210 Varius
1054 1136 1206 1211 circiter
1309 1211 1317 1222 ,

53 1252 306 1354 quadraginta
341 1274 462 1326 anuos
495 1260 608 1327 natus
640 1251 733 1347 fist,
767 1252 948 1355 Virgilius
982 1261 1112 1328 autem
1136 1278 1206 1329 au·

52 1398 153 1447 nmn
187 1371 316 1446 aetatis
358 1370 435 1472 egit
469 1371 707 1470 trigesimum
745 1373 912 1470 primum
955 1381 994 1449 et
1028 1373 1206 1449 Horatius
1278 1438 1282 1450 .

53 1492 234 1567 nondum
266 1491 439 1589 quinque
472 1498 672 1592 peregerat
702 1490 831 1566 laistra.
882 1485 1015 1590 Neque
1044 1493 1207 1567 etiamn

53 1634 150 1689 vero
188 1609 385 1702 abhorret,
430 1610 535 1683 idem
567 1633 739 1703 carmen,
788 1609 983 1686 Luciliano
1024 1613 1208 1712 scriptrun

55 1728 282 1824 festivitate,
308 1728 358 1803 ad
382 1725 644 1803 Maecenatem
669 1751 751 1803 esse
777 1730 965 1828 perlatum
991 1729 1205 1832 aVirgilio,

56 1856 101 1923 ut
133 1847 325 1922 nascentis
357 1853 497 1947 poetae
529 1846 715 1922 Venusini
758 1848 895 1946 suique
940 1849 1051 1924 amici
1092 1850 1209 1925 rebus

57 1991 179 2066 qrram
211 1967 378 2067 primum
411 1967 637 2042 consuleret.
697 1966 757 2040 Ita
790 1967 966 2043 Horatius
999 1966 1209 2042 Maecenati

57 2088 229 2187 primum
267 2085 435 2160 innotuit
471 2094 605 2186 poeta,
647 2111 793 2162 novum
835 2087 1049 2161 carminum
1089 2111 1209 2188 genus

58 2231 224 2285 exorsus
247 2206 325 2280 et
312 2231 354 2278 m
379 2205 496 2280 vitam
520 2205 637 2280 veluti
661 2230 857 2282 revocans.
916 2205 967 2279 At
990 2232 1112 2304 quum
1135 2206 1209 2281 ista

58 2314 165 2402 aetas
189 2323 380 2403 Luciliani
404 2324 495 2419 styli
522 2324 721 2424 impatiens
756 2332 877 2418 esset,
911 2351 992 2401 non
1018 2326 1209 2426 estquod

57 2446 268 2539 miremur,
310 2443 343 2519 si
375 2438 492 2543 hujus
519 2444 669 2545 generis
695 2469 871 2540 carmen,
907 2445 1081 2543 quamvis
1105 2442 1211 2519 festi·

59 2589 155 2641 vum
178 2588 253 2639 nec
276 2564 388 2641 valde
414 2564 604 2657 mordax,
629 2563 841 2638 Maecenati
872 2589 952 2637 non
977 2587 1210 2664 magnopere

59 2683 268 2784 placuerit,
310 2704 437 2780 neque
471 2683 573 2780 apud
607 2707 696 2756 eum
721 2683 911 2755 laudando
938 2683 1211 2755 commendan-

60 2805 193 2902 ‹loque
217 2801 340 2877 amico
365 2801 578 2899 quidpiam
603 2799 808 2899 profecerit
833 2798 1033 2900 Virgilius,
1060 2800 1143 2900 ipse
1168 2800 1209 2874 in

62 2923 167 2997 illius
191 2921 375 3022 principis
399 2921 518 3021 gratia
542 2921 723 2996 novitius.

168 3040 268 3116 Cum
292 3047 422 3115 autem
445 3040 571 3140 prima
594 3040 661 3114 illa
674 3038 802 3115 Satira
826 3038 969 3138 publici
994 3036 1094 3114 facta
1118 3032 1213 3140 juris

63 3161 285 3238 incurrisset
308 3160 350 3233 in
374 3159 569 3233 nasutulas
595 3183 682 3233 cum
706 3159 868 3234 alienun
883 3157 1212 3257 reprehensiones,

64 3290 151 3356 tum
183 3279 358 3379 inprimis
390 3277 642 3380 Hermogenis
683 3278 854 3378 Tigellii,
898 3277 1065 3352 hominis
1103 3276 1214 3350 istius

66 3400 169 3501 apud
193 3398 339 3474 lulium
355 3395 555 3472 Gaesarem
577 3421 703 3496 nuper
727 3396 1010 3497 gratiosissimi,
1036 3395 1214 3470 Horatius

64 3518 315 3596 vehementer
330 3517 579 3592 exacerbatus
604 3541 677 3617 per
701 3524 930 3590 aunrmnum
946 3540 981 3589 a.
1000 3513 1046 3587 U.
1066 3512 1107 3587 G.
1123 3513 1213 3588 714.

66 3638 219 3739 scripsit
243 3635 408 3712 Satiram
432 3636 663 3727 secundom,
689 3636 731 3710 in
756 3659 833 3733 (pra
856 3634 1024 3735 primum
1050 3634 1099 3708 de
1114 3632 1214 3706 Her-

65 3757 242 3860 mogenis
267 3755 419 3858 Tigellii
442 3763 568 3831 morte
603 3781 692 3830 omn
717 3755 853 3829 acerba
878 3753 1055 3828 irrisione
1082 3750 1214 3826 exsul·

65 3879 180 3970 tavit,
215 3875 352 3950 ‹leinrle
384 3875 427 3949 in
457 3876 681 3975 depravatos
713 3873 930 3971 aequalium
958 3894 1108 3964 mores,
1151 3869 1214 3941 in·

64 3995 203 4096 primis
226 3995 415 4070 nobilium
439 3994 613 4070 vironun
636 3993 837 4067 mollitiem
861 4000 902 4066 et
926 3988 1109 4095 adulteria
1133 3993 1215 4060 tam
1268 3992 1273 4004 ‘

64 4117 208 4191 acriter
231 4138 277 4189 ac
299 4114 421 4190 libere
444 4115 617 4190 invectus
643 4120 723 4206 est,
748 4117 792 4183 ut
815 4108 1023 4184 nonnullos
1043 4104 1214 4180 Caesaris

64 4232 272 4309 Octaviani
296 4235 439 4323 amicos
464 4242 591 4328 recto,
618 4232 822 4332 ipsrunque
840 4227 1100 4315 Maecenatem
1123 4222 1213 4301 ficto

63 4350 268 4430 Maerens·
288 4353 444 4430 nomine
467 4350 720 4455 pungeret³³).
745 4349 848 4424 Haec
872 4345 998 4422 Satira
1020 4344 1130 4423 testis
1155 4350 1215 4421 est

153 4562 214 4635 ³3)
234 4556 434 4622 Maecenatem
453 4560 569 4621 nominc
586 4551 741 4619 Molchial
761 4554 797 4615 ab
812 4550 936 4616 Horatio
955 4561 1029 4614 tecte
1047 4549 1214 4629 perstringi,

67 4646 216 4722 copiosius
241 4648 365 4723 probare
396 4645 493 4708 uului
519 4647 552 4705 iu
569 4641 814 4707 commeantium
834 4639 874 4704 do
896 4638 1017 4703 lor-bito
1040 4635 1214 4715 remcort

67 4730 250 4795 mmm
271 4729 299 4819 ,ι
314 4740 346 4798 7ο
368 4735 562 4811 Pc⁴23rflqqs
