2686 5236
160 652 239 729 290
512 676 563 727 oa
588 676 728 729 cassio
752 676 976 730 riman.

164 838 407 915 Gasaubouus
448 836 611 940 ooiijeait
648 838 691 916 V
685 837 935 913 atalenienaia
941 890 957 931 ,
1001 839 1166 915 hndato
1197 837 1298 915 l'lin'a

161 958 207 1033 N.
228 959 277 1032 ll.
308 959 415 1033 Libr.
434 958 503 1032 Ill.
529 984 563 1033 o.
582 959 620 1032 5.
686 956 811 1032 Editio
837 956 961 1059 Lngd.
986 966 1068 1035 vet.
1094 958 1216 1035 habet
1236 957 1299 1033 Νι·

162 1077 377 1168 saonensis,
413 1079 516 1175 quod
548 1075 654 1150 idem
678 1083 778 1151 esset
802 1084 917 1175 atquo
940 1075 1167 1179 Ariadnaeo,
1195 1076 1299 1175 qaod·

162 1221 240 1295 quo
273 1197 363 1270 linio
395 1197 482 1270 loeo
513 1204 646 1293 aptrnu
679 1218 763 1270 esse
795 1202 941 1271 temere
966 1204 1006 1271 et
1031 1195 1299 1271 inconsiderata

161 1324 342 1415 putaramt
382 1314 624 1407 Perizonius,
666 1311 864 1387 Ernestius
900 1323 940 1389 et
972 1314 1157 1389 Wolfius.
1221 1312 1300 1387 llll

161 1434 272 1508 ruiioo
298 1432 492 1530 probanda
523 1432 672 1507 videtur
697 1430 962 1531 Oudendorpii
991 1433 1096 1507 ratio
1124 1432 1300 1531 supina

161 1551 231 1641 tis,
265 1552 574 1626 ll'errdoueaarm
599 1574 684 1626 esse
708 1551 874 1625 ineolam
893 1550 999 1625 urbis
1016 1552 1240 1627 Nmrloaia
1254 1550 1302 1625 rel

160 1669 324 1759 Nauali,
365 1670 427 1744 orii
455 1670 581 1745 vicina
605 1668 723 1745 fuerit
748 1670 937 1743 Thurium
961 1670 1002 1744 in
1028 1670 1226 1761 Lnoanis3
1257 1679 1302 1745 tt·

160 1812 236 1885 que
260 1795 305 1861 ut
322 1786 519 1863 Octaviani
543 1812 708 1886 proavus
732 1786 869 1863 firisset
886 1789 1005 1863 restio
1021 1789 1066 1862 in
1083 1814 1191 1891 pago
1207 1788 1302 1863 'l'bu-

159 1907 266 2000 rino,
300 1906 352 1981 ita
376 1904 460 2009 ejus
485 1931 597 1981 auum
613 1906 805 1981 Nendone
828 1929 950 2006 propo
976 1906 1178 1982 Thin-ium
1202 1932 1301 1985 exar-

160 2026 281 2099 cuisse
314 2049 398 2100 rom
432 2025 695 2099 numidariam.
763 2025 859 2100 lude
877 2014 881 2019 ⁸
901 2026 1017 2101 etiam
1062 2025 1301 2125 planumfil,

159 2144 226 2241 qui
257 2143 340 2218 fieri
374 2145 560 2241 potuerit,
601 2152 643 2217 ut
676 2143 725 2217 ab
758 2142 923 2218 Antonio
955 2144 997 2216 in
1033 2144 1212 2242 epistolis
1242 2168 1301 2244 per

158 2264 427 2337 oolibuneliam
461 2286 576 2361 saepe
606 2258 808 2336 Thorium
841 2262 1124 2362 appellarenrr,
1161 2274 1300 2339 aneton

158 2376 343 2456 suetonio
367 2406 402 2457 o.
421 2386 459 2456 7.
511 2381 696 2480 Respexit
719 2381 783 2455 ille
808 2382 935 2475 looos,
960 2382 1004 2455 in
1025 2382 1178 2480 quibus
1199 2382 1298 2459 Orta-

157 2501 259 2576 viani
285 2524 378 2576 aviis
395 2523 636 2598 proauisque
657 2498 901 2575 habitassent.
952 2500 1104 2575 Urbem
1117 2502 1297 2577 Nerola:

157 2626 345 2693 memorat
374 2619 504 2694 Livius
526 2619 634 2691 Libr.
652 2616 721 2691 IX.
749 2642 785 2693 a.
803 2622 866 2693 20.
892 2619 1064 2717 „Apulia
1091 2622 1295 2719 perdomita

156 2738 273 2810 -iu
301 2737 476 2812 Lucanos
501 2744 731 2835 porrectum.
792 2736 886 2811 ludo
910 2738 1119 2835 repentino
1145 2742 1293 2815 adventu

155 2855 308 2931 Aemilii
335 2856 510 2930 Consulis
537 2855 721 2927 Nerulum
745 2854 787 2930 vi
813 2860 1013 2953 captum“=
1050 2858 1126 2932 ubi
1152 2854 1291 2935 codes

154 2976 287 3049 itidem
322 2976 471 3050 variant
504 2974 605 3048 iuter
643 2973 686 3049 V
680 2973 833 3045 mulum
867 2981 909 3047 ot
944 2974 1174 3052 Vernadum.
1221 2976 1291 3051 Non
1335 3040 1337 3065 ,

154 3119 252 3192 opus
279 3100 336 3167 est
362 3102 590 3184 ambiamus,
617 3091 757 3167 Norado
780 3092 866 3164 urbi
888 3100 1156 3190 oontemptum
1173 3118 1289 3195 quem·
1335 3120 1337 3153 ÷

155 3214 242 3285 dani
268 3221 306 3285 et
332 3212 541 3284 ludibrium
559 3211 786 3286 adhaesisse.
838 3211 930 3285 Erat
947 3214 1182 3309 oppidulum
1196 3215 1288 3315 iguo·

153 3330 251 3422 bile,
303 3330 342 3403 in
392 3356 471 3428 quo
514 3328 712 3407 Octaviani
754 3355 849 3407 avus
892 3331 1137 3430 argentarius
1180 3332 1288 3407 luerat

152 3450 340 3551 ignobilis.

255 3567 402 3641 Cassius
428 3568 640 3640 Parmensis
666 3567 778 3667 igitur
794 3569 833 3641 iu
851 3569 915 3641 illa
929 3566 1092 3665 epistola
1109 3592 1177 3663 aa,
1202 3588 1285 3666 quae

151 3687 339 3760 andonius
367 3686 574 3760 Octaviano
599 3688 919 3784 exprobraverat,
945 3710 1016 3760 suo
1035 3711 1196 3762 assensu
1211 3710 1285 3762 nu-

152 3828 228 3902 que
269 3806 385 3879 modo
431 3802 739 3897 collimarent,
787 3813 947 3880 auxerat
988 3814 1028 3879 et
1060 3806 1285 3881 mmnfestius

151 3923 398 4020 acerbiusque
439 3923 567 3997 verbis
605 3933 861 4021 expresserat.
929 3925 1077 4016 Quibus
1123 3926 1284 3999 omuibus

149 4040 232 4114 fieri
269 4068 346 4116 uon
381 4047 528 4139 poterat
562 4043 656 4138 quin
690 4039 887 4117 Octaviani
928 4042 1079 4116 animus
1113 4042 1283 4141 superbus

150 4168 187 4232 et
212 4185 393 4261 arrogans
417 4160 665 4235 veliementer
697 4160 906 4234 irritaretur
931 4162 1100 4259 odioque
1123 4160 1283 4260 inexpia-

149 4277 215 4350 bili
241 4281 421 4354 adversus
446 4279 554 4351 illum
580 4277 892 4353 inflammaretur.

250 4395 298 4470 Et
324 4398 418 4471 haee
443 4398 598 4495 quidun
632 4399 681 4471 de
705 4398 871 4497 genuino
898 4397 1098 4473 Cassianae
1121 4399 1221 4473 illins
1241 4394 1283 4469 ad

149 4510 399 4588 Octavianum
417 4517 596 4615 epistolae
613 4514 824 4615 fragmento
841 4517 942 4591 diota
959 4525 1094 4605 s1111t03
1121 4519 1190 4592 sed
1206 4518 1283 4590 sunt

148 4630 213 4729 qui
232 4632 418 4732 integram
433 4634 549 4708 Cassii
566 4634 780 4709 Panneusis
797 4635 995 4733 epistolam
1014 4635 1208 4733 hodieque
1231 4658 1284 4709 su·

146 4751 344 4849 perstitom
357 4774 441 4825 esse
457 4754 703 4829 arbitrentur.
756 4755 861 4846 Quae
876 4754 982 4829 enim
999 4754 1105 4831 inter
1118 4752 1283 4855 epistolas
1332 4798 1337 4845 .
