2670 5294
448 306 498 355 os
526 306 663 358 csssro
690 309 912 369 narmensi.
1183 286 1259 364 259

107 465 294 562 istrmr⁴⁴).
360 466 513 543 Primae
550 470 749 571 legationis
788 473 1025 547 mentionem
1057 471 1149 549 facit
1180 476 1255 552 Dio

109 586 264 661 Cassian
297 608 331 660 o.
357 588 397 661 6.
455 588 529 662 Per
561 592 768 664 oearndam
799 592 1027 692 legationem
1057 592 1256 694 Cleopatra

107 706 279 805 pollicita
303 713 364 780 est
388 703 596 783 Octaviano
627 733 804 810 magnam
828 711 1012 808 pecuniae
1036 713 1135 803 vim;
1177 713 1256 787 An·

106 825 240 900 tonius
264 833 394 901 autem
419 827 558 902 veteris
583 851 674 901 eum
699 828 883 904 amicitiae
909 838 949 904 et
970 830 1162 904 affinitatis
1187 834 1257 906 ad-

106 938 280 1030 monuit,
314 940 372 1007 καὶ
398 940 495 1020 τέλος
522 938 700 1009 Πούπλιον
735 945 973 1034 Τουρούλλιον,
1009 947 1191 1037 βουλευτήν
1219 972 1257 1015 τε

107 1037 210 1128 ὅπα,
237 1042 296 1111 καὶ
325 1044 455 1133 σφαγὲα
480 1047 540 1113 τοῦ
560 1041 733 1133 Καίσαρος
757 1047 928 1133 γεγονότα,
959 1049 1034 1116 τότε
1055 1073 1092 1115 τε
1115 1051 1257 1136 φιλικῶς

108 1142 145 1213 oi
168 1141 307 1213 συνόντα
314 1192 325 1223 ,
354 1144 511 1225 ἐξέδωκεν
534 1140 641 1234 crispi,
673 1153 718 1219 ut
748 1146 867 1221 refert
890 1147 965 1221 Dio
992 1146 1142 1221 Cassius
1169 1173 1201 1221 c.
1218 1151 1256 1220 8.

109 1251 184 1325 Ille
209 1258 338 1326 nartem
363 1250 559 1325 Turullius
586 1250 768 1350 Senator,
803 1281 892 1331 cum
917 1259 1018 1332 inter
1042 1256 1134 1332 Julii
1161 1255 1255 1330 Cae-

108 1370 208 1444 saris
245 1393 490 1469 percussores
522 1369 675 1467 fuisset,
716 1368 818 1449 hello
851 1385 984 1451 contra
1015 1374 1257 1448 Trirunriros

108 1496 271 1582 exorto,
305 1486 522 1587 praefuerat
547 1489 677 1587 classi,
712 1518 827 1593 quam
864 1493 911 1566 L.
939 1495 1075 1567 Tillius
1103 1493 1256 1566 Cimber

108 1606 155 1681 in
178 1606 358 1703 Bithynia
384 1619 692 1706 comparaverat,
727 1621 768 1686 ut
792 1619 987 1686 attestatur
1013 1611 1162 1686 Cassius
1188 1636 1257 1684 no·

109 1727 192 1803 scio
217 1727 303 1825 quis
328 1726 369 1800 in
395 1725 565 1826 Epistola
591 1732 752 1827 quadam
779 1733 828 1805 ad
854 1722 1078 1805 Ciceronem
1104 1729 1255 1823 data⁴⁵),

109 1868 158 1921 ao
193 1852 279 1944 post
321 1847 511 1944 proelium
534 1846 788 1948 ,Philippense
829 1850 943 1924 istam
985 1852 1166 1942 classem,
1214 1856 1257 1922 ut

111 1988 230 2063 supra
255 1964 499 2059 dictumest,
525 1967 738 2041 adduxerat
763 1969 891 2043 Cassio
916 1969 1133 2061 Pannensi,
1161 1994 1257 2068 quo·

111 2106 205 2157 earm
228 2082 330 2157 haud
356 2083 491 2177 dubie,
525 2083 653 2159 fractis
678 2083 790 2161 Sexti
815 2083 988 2188 Pompeji
1022 2089 1180 2184 opibus,
1217 2087 1256 2158 iu

111 2202 202 2277 Asia
234 2227 278 2278 se
309 2202 350 2275 in
381 2202 432 2277 Μ.
459 2202 612 2277 Antonii
641 2201 759 2277 fidem
785 2206 939 2279 dederat
963 2230 997 2279 a.
1024 2206 1069 2278 U.
1099 2204 1140 2278 C.
1168 2206 1256 2277 719.

112 2322 172 2395 Ab
204 2320 281 2397 hoc
314 2321 403 2396 inde
439 2330 613 2421 tempore
637 2320 682 2396 P.
708 2322 903 2396 Turullius
929 2323 1069 2421 pariter
1095 2346 1139 2395 ac
1165 2323 1257 2394 Par-

111 2440 256 2515 mensis
292 2440 443 2515 Cassius
473 2442 514 2515 in
547 2440 600 2513 M.
626 2440 780 2514 Antonii
813 2443 991 2515 comitatu
1017 2450 1056 2514 et
1082 2442 1257 2515 coru-'ictu

111 2560 265 2637 videon
288 2558 424 2653 fuisse,
450 2585 495 2635 ao
521 2584 608 2635 cum
634 2560 799 2633 dubitari
823 2569 1007 2659 nequeat,
1034 2559 1127 2657 quin
1154 2559 1257 2632 idem

110 2674 330 2753 interfuerit
364 2702 515 2779 pugnae
550 2679 598 2753 ad
623 2677 797 2772 Actium,
830 2680 1009 2777 suspicari
1032 2679 1140 2771 licet,
1175 2678 1258 2750 Tu-

110 2798 273 2873 rullium
304 2796 423 2872 finisse
456 2796 669 2871 interillos
696 2797 856 2891 amicos,
892 2798 959 2896 (pri
986 2823 1037 2872 ex
1062 2796 1152 2897 fuga
1178 2797 1257 2871 col-

109 2917 226 3013 lecti,
260 2924 415 2993 auotore
440 2916 642 2991 Plutarcho
669 2941 702 2991 c.
721 2918 805 3009 67„
837 2915 1005 2991 Antonio
1032 2941 1120 2990 cum
1147 2915 1257 2990 Cleo·

119 3098 332 3117 ——7———-f

201 3193 260 3265 44)
290 3187 460 3251 Lectiouem
495 3182 619 3268 Θύρσον
649 3211 703 3265 pro
730 3182 848 3267 Θύρεον
876 3211 924 3264 ep.
955 3187 1140 3249 Plutarchum
1163 3200 1258 3249 tuetur

111 3276 176 3337 Dio
205 3272 324 3335 Curius
343 3278 364 3334 l.
389 3297 413 3335 c.
437 3278 535 3351 ibique
556 3275 706 3335 Fabricius
728 3273 764 3334 T.
784 3273 841 3335 v1.
866 3296 895 3349 p.
916 3281 946 3334 8.
965 3271 1042 3334 Snz.
1088 3272 1258 3333 Conseraurr

110 3358 311 3439 lireyntgiur
341 3363 371 3419 iu
400 3360 511 3421 Adnot.
541 3361 577 3421 ad
605 3360 753 3420 Caminia
777 3359 849 3418 Lot.
871 3357 909 3417 de
938 3356 1014 3417 bello
1041 3358 1171 3417 Actiaco
1199 3363 1258 3417 sinc

111 3444 298 3507 Alexandr.
315 3446 442 3522 Progrs.
466 3443 531 3505 Col.
548 3444 603 3506 ΙΙΙ.
626 3467 656 3521 p.
676 3452 763 3519 142„
784 3447 834 3504 ubi
854 3442 913 3503 Vir
934 3447 1067 3519 egregius
1088 3446 1258 3520 suspicatur,

111 3544 259 3593 servatoru
280 3552 345 3593 esse
367 3533 535 3607 particulam
557 3534 693 3592 orationis
713 3532 748 3591 ed
766 3528 948 3605 Cleopatram
965 3527 1108 3589 hahitaea
1131 3528 1259 3605 Thyrso,

112 3638 203 3695 quern
229 3614 320 3677 Poeta
348 3619 493 3678 induxerit
519 3618 694 3694 loquentem.
746 3614 899 3676 Caeterum
926 3636 941 3673 a
971 3612 1123 3673 Plutarcho
1146 3617 1259 3672 tertiam

113 3712 226 3763 tuntum
253 3716 375 3778 eamque
406 3715 577 3778 postremam
608 3704 822 3761 commemorari
851 3702 1042 3777 legationem,
1072 3699 1138 3758 inde
1169 3708 1258 3776 patet,

112 3786 194 3865 quod
214 3790 279 3861 eius
306 3792 440 3864 princeps
471 3788 580 3849 dicatur
596 3789 687 3847 larissa
709 3786 913 3862 Euphronius,
943 3787 992 3860 qui
1011 3784 1087 3843 hand
1109 3784 1195 3843 dubie
1212 3804 1260 3844 se·

113 3894 182 3935 enm
203 3872 325 3933 duxerat
345 3872 521 3951 Autyllurn,
552 3874 645 3932 lilium
669 3874 788 3932 Antonii
810 3893 848 3931 ex
869 3871 972 3930 Fulvia
994 3883 1176 3944 susceptum,
1213 3872 1259 3931 cui

113 3956 293 4019 Octavianus
313 3980 341 4019 a.
361 3956 398 4018 U.
420 3954 454 4018 C.
477 3965 551 4021 718.
575 3958 765 4034 desponderat
793 3956 902 4017 Juliarn
929 3956 1039 4029 liliam,
1068 3967 1140 4014 teste
1161 3954 1260 4016 Dione

113 4040 201 4104 Cur.
223 4042 307 4105 Libr.
325 4040 476 4105 XLVlll.
504 4064 530 4104 c.
550 4048 602 4105 st.
654 4043 756 4104 Aliter
776 4045 875 4104 staurit
895 4041 1078 4101 Dmmsnuus
1099 4044 1127 4100 iu
1146 4042 1260 4102 Hister.

114 4126 204 4188 Rom.
227 4126 313 4189 Torn.
331 4129 357 4191 1.
377 4152 407 4205 p.
426 4136 499 4190 ⁴9¹.
542 4128 644 4205 Neque
664 4142 758 4188 tamen
780 4142 824 4187 est
845 4128 998 4204 credibile,
1018 4126 1174 4204 Antyllum
1195 4131 1261 4187 vix·

114 4214 186 4275 deun
208 4216 344 4290 puberem
365 4218 430 4275 sine
452 4217 554 4275 cornito
574 4228 603 4274 et
627 4217 763 4291 magistro
778 4217 898 4273 missum
920 4232 985 4272 esse
1002 4213 1038 4270 ad
1060 4211 1259 4272 Octavianum.

204 4305 259 4370 ts)
296 4298 353 4361 lun
387 4299 520 4377 Epistola
555 4302 698 4362 invenitur
730 4302 807 4361 iuter
846 4296 1047 4361 Ciceronianae
1076 4300 1111 4358 ad
1142 4298 1257 4357 Dircrs.

113 4382 202 4447 Line.
224 4383 302 4448 xll.
324 4394 375 4448 13.

959 4483 1041 4556 17*
