2670 5294
501 283 708 336 excussus
736 286 775 336 ν.
1136 265 1209 341 165

55 442 194 521 scribit
219 440 578 521 Windselmannauz
611 471 683 565 ego
708 471 804 525 vero
827 450 938 539 ἐπέχω
973 473 1063 527 cum
1087 450 1209 526 Bem-

54 561 219 759 irpsrdapp
243 561 285 639 in
329 563 507 641 (ἰωνιάν.
541 566 583 642 d.
616 567 757 643 Roem.
793 567 1016 655 Ia'ttcratur
1052 596 1092 670 p.
1118 570 1207 647 204.

536 898 741 910 ..ι-*αισι-

254 1122 257 1127 ·
373 1168 376 1179 .
428 1096 749 1239 111ζῦ113811ξῖ
785 1112 829 1187 V.

55 1489 254 1598 suso,
300 1489 428 1604 ouo
457 1486 1083 1583 nemausensem
1111 1496 1206 1581 An

239 1641 601 1733 Accessum
623 1643 880 1736 senum
909 1646 1025 1739 sm.

161 1860 223 1937 Jo.
257 1859 457 1937 Massones
490 1861 534 1935 in
564 1859 663 1937 Jano
696 1859 830 1938 Reser.
864 1860 967 1939 Sect.
998 1862 1070 1938 111.
1106 1887 1141 1940 o.
1168 1867 1206 1940 8.

56 1982 173 2070 512.
202 2006 243 2080 p.
263 1980 453 2080 21⁰.sqq.
479 1988 520 2056 et
553 1978 593 2055 in
627 1980 707 2057 vit.
741 1981 887 2057 Horatii
920 1983 970 2057 ad
1004 2006 1066 2058 an.
1089 1983 1135 2058 U.
1162 1981 1206 2058 G.

57 2102 146 2175 744.
179 2126 221 2200 p.
238 2100 329 2176 300.
353 2124 440 2199 sqq.
473 2100 524 2174 ad
555 2098 771 2202 Augustum
795 2099 1003 2200 Epistulam
1026 2103 1133 2178 illam
1156 2104 1206 2178 ab

56 2219 218 2296 Horatio
242 2218 421 2319 scriptam
451 2242 537 2295 esse
569 2220 706 2319 probat
740 2242 842 2293 anno
868 2219 914 2294 U.
942 2217 985 2294 G.
1011 2221 1100 2294 744.
1134 2242 1207 2295 ex·

57 2346 177 2413 eunte
201 2361 272 2415 seu
287 2360 386 2414 anno
399 2337 445 2413 U.
466 2337 510 2415 G.
528 2337 618 2414 745.
643 2337 821 2431 ineunte,
847 2337 1101 2436 eamdemque
1118 2334 1207 2413 scn-

56 2457 219 2533 tentiam
267 2456 416 2533 erudite
466 2454 739 2533 confirmarunt
778 2455 964 2532 Decerius
1004 2455 1092 2533 Vol.
1134 2455 1206 2531 IX.

56 2602 94 2674 p.
103 2574 171 2651 30.
180 2600 238 2675 sq.
264 2584 306 2652 et
331 2573 560 2651 Sanadonus
576 2574 664 2650 Vol.
672 2574 741 2650 vl.
756 2602 797 2675 p.
813 2575 902 2651 348.
911 2599 969 2673 sq.
1011 2572 1062 2650 Et
1076 2575 1208 2651 insunt

57 2694 100 2767 in
132 2694 207 2770 hac
238 2694 407 2795 Epistola
440 2702 520 2769 tam
553 2694 675 2769 multa
707 2701 748 2770 et
774 2702 854 2770 tam
878 2702 984 2770 certa
1008 2693 1205 2794 temporis,
1321 2762 1324 2769 .

57 2838 138 2911 quo
163 2814 305 2914 scripta
330 2813 401 2906 sit,
434 2813 594 2908 indicia,
629 2820 675 2887 ut
698 2812 841 2889 mirmn
865 2814 934 2907 sit,
967 2811 1105 2907 fuisse,
1139 2812 1207 2913 qui

56 2932 172 3007 aliter
196 2934 395 3009 sentirent.
447 2931 529 3008 Sed
552 2940 685 3007 tamen
702 2932 972 3009 discessionem
989 2955 1013 3007 a
1029 2931 1207 3007 Massono

57 3049 280 3149 nuperrime
303 3052 395 3129 fecit
418 3052 482 3126 Fr.
507 3049 554 3128 E.
580 3050 732 3127 Theod.
756 3048 994 3145 Schmidius,
1033 3049 1211 3126 doetissi-

56 3194 148 3245 mus
159 3168 310 3245 Horatii
323 3170 580 3270 Epistularum
594 3170 732 3263 editor,
757 3169 825 3268 qui
840 3169 926 3246 Vol.
933 3168 986 3246 11.
1002 3197 1041 3270 p.
1053 3168 1140 3245 159.
1150 3194 1208 3268 sq.

57 3294 174 3391 negat
207 3289 421 3389 quidquam
451 3288 526 3365 hoo
557 3289 599 3363 in
632 3288 803 3390 Epistola
836 3311 1061 3381 ocean-rere,
1102 3287 1209 3385 quod

56 3432 132 3483 nos
156 3416 288 3509 cogat,
312 3432 399 3485 eam
423 3416 468 3482 ut
491 3415 581 3509 post
604 3432 747 3484 annum
771 3407 817 3482 U.
844 3403 887 3481 G.
911 3405 1000 3480 734.
1027 3404 1208 3505 scriptam

56 3534 251 3626 marus.
310 3526 470 3623 Verum,
506 3534 551 3603 ut
573 3552 697 3629 pauoa
720 3533 871 3603 tantum
895 3545 1207 3617 commemorem,

57 3645 242 3745 equidem
275 3644 523 3723 vehementer
557 3646 712 3743 dubito,
745 3671 840 3721 num
864 3645 914 3720 ab
938 3642 1096 3719 Horatio
1121 3648 1208 3718 ante

57 3764 230 3865 potuerit
252 3764 329 3841 dici
350 3765 544 3867 Augrntus
567 3767 675 3841 sotus
706 3772 811 3841 tanta
834 3763 984 3865 negotia
1008 3761 1208 3855 sustinere,

58 3908 179 3984 quam
201 3883 461 3984 megistum,
487 3907 586 3982 qnos
610 3893 721 3960 antea
744 3885 873 3984 plures
897 3883 940 3956 in
965 3882 1115 3959 civitate
1140 3881 1209 3957 ad·

57 4002 391 4097 ministraverant,
432 4003 506 4078 sibi
529 4003 599 4078 uni
623 4028 757 4080 omnes
781 4000 1018 4080 vindicasset
1078 3999 1207 4101 Atqui,

58 4132 103 4199 ut
143 4120 223 4199 hoc
262 4129 368 4217 utar,
409 4121 673 4199 Pontificatum
708 4122 945 4217 maximum,
988 4144 1126 4221 quem,
1166 4125 1209 4192 ut

58 4239 271 4323 Suetonius
295 4265 332 4317 c.
348 4240 413 4318 31.
438 4241 512 4338 eit,
536 4266 750 4344 nimquam
773 4242 862 4345 vivo
882 4239 1031 4343 Lepido
1057 4237 1207 4317 anferre
