<?xml version="1.0" encoding="UTF-8"?>
<!DOCTYPE html PUBLIC "-//W3C//DTD XHTML 1.0 Transitional//EN"
    "http://www.w3.org/TR/xhtml1/DTD/xhtml1-transitional.dtd">
<html xmlns="http://www.w3.org/1999/xhtml" xml:lang="en" lang="en">
 <head>
  <title>
</title>
<meta http-equiv="Content-Type" content="text/html;charset=utf-8" />
  <meta name='ocr-system' content='tesseract 3.04.00' />
  <meta name='ocr-capabilities' content='ocr_page ocr_carea ocr_par ocr_line ocrx_word'/>
</head>
<body>
  <div class='ocr_page' id='page_1' title='image "./deluciivariietc00weicgoog_0349.png"; bbox 0 0 2670 5294; ppageno 0'>
   <div class='ocr_carea' id='block_1_1' title="bbox 546 253 1265 330">
    <p class='ocr_par' dir='ltr' id='par_1_1' title="bbox 546 253 1265 330">
     <span class='ocr_line' id='line_1_1' title="bbox 546 253 1265 330; baseline 0.001 -3"><span class='ocrx_word' id='word_1_1' title='bbox 546 275 752 330; x_wconf 82' lang='lat' dir='ltr'><strong>nxcuusua</strong></span> <span class='ocrx_word' id='word_1_2' title='bbox 779 277 840 328; x_wconf 85' lang='lat' dir='ltr'><strong>nr.</strong></span> <span class='ocrx_word' id='word_1_3' title='bbox 1189 253 1265 328; x_wconf 78' lang='lat'><strong>327</strong></span> 
     </span>
    </p>
   </div>
   <div class='ocr_carea' id='block_1_2' title="bbox 105 436 1267 3372">
    <p class='ocr_par' dir='ltr' id='par_1_2' title="bbox 114 436 1266 2077">
     <span class='ocr_line' id='line_1_2' title="bbox 119 436 1264 541; baseline -0.001 -25"><span class='ocrx_word' id='word_1_4' title='bbox 119 441 238 516; x_wconf 68' lang='lat' dir='ltr'><strong>malua</strong></span> <span class='ocrx_word' id='word_1_5' title='bbox 268 438 375 541; x_wconf 76' lang='lat' dir='ltr'><strong>quod</strong></span> <span class='ocrx_word' id='word_1_6' title='bbox 404 438 541 514; x_wconf 81' lang='lat' dir='ltr'><strong>tollere</strong></span> <span class='ocrx_word' id='word_1_7' title='bbox 572 438 689 513; x_wconf 72' lang='lat' dir='ltr'><strong>uelles</strong></span> <span class='ocrx_word' id='word_1_8' title='bbox 722 464 793 536; x_wconf 85' lang='lat' dir='ltr'><strong>pro</strong></span> <span class='ocrx_word' id='word_1_9' title='bbox 824 436 1006 534; x_wconf 68' lang='lat' dir='ltr'><strong>garrient</strong></span> <span class='ocrx_word' id='word_1_10' title='bbox 1037 462 1105 514; x_wconf 83' lang='lat' dir='ltr'><strong>seu</strong></span> <span class='ocrx_word' id='word_1_11' title='bbox 1134 441 1264 536; x_wconf 80' lang='lat' dir='ltr'><strong>garrit</strong></span> 
     </span>
     <span class='ocr_line' id='line_1_3' title="bbox 122 555 1264 659; baseline 0 -26"><span class='ocrx_word' id='word_1_12' title='bbox 122 560 229 659; x_wconf 69' lang='lat' dir='ltr'><strong>quod</strong></span> <span class='ocrx_word' id='word_1_13' title='bbox 253 560 387 633; x_wconf 83' lang='lat' dir='ltr'><strong>tollere</strong></span> <span class='ocrx_word' id='word_1_14' title='bbox 411 559 540 631; x_wconf 72' lang='lat' dir='ltr'><strong>vellen.</strong></span> <span class='ocrx_word' id='word_1_15' title='bbox 601 555 776 654; x_wconf 88' lang='lat' dir='ltr'><strong>Denique</strong></span> <span class='ocrx_word' id='word_1_16' title='bbox 802 557 902 630; x_wconf 89' lang='lat' dir='ltr'><strong>haud</strong></span> <span class='ocrx_word' id='word_1_17' title='bbox 929 556 1006 630; x_wconf 82' lang='lat' dir='ltr'><strong>scio</strong></span> <span class='ocrx_word' id='word_1_18' title='bbox 1032 580 1081 630; x_wconf 90' lang='lat' dir='ltr'><strong>an</strong></span> <span class='ocrx_word' id='word_1_19' title='bbox 1106 555 1177 632; x_wconf 90' lang='lat' dir='ltr'><strong>hac</strong></span> <span class='ocrx_word' id='word_1_20' title='bbox 1201 584 1264 633; x_wconf 85' lang='lat' dir='ltr'><strong>ra·</strong></span> 
     </span>
     <span class='ocr_line' id='line_1_4' title="bbox 121 675 1263 753; baseline -0.001 -2"><span class='ocrx_word' id='word_1_21' title='bbox 121 677 227 753; x_wconf 88' lang='lat' dir='ltr'><strong>tione</strong></span> <span class='ocrx_word' id='word_1_22' title='bbox 259 701 339 751; x_wconf 91' lang='lat' dir='ltr'><strong>non</strong></span> <span class='ocrx_word' id='word_1_23' title='bbox 372 675 589 750; x_wconf 75' lang='lat' dir='ltr'><strong>debilitetur</strong></span> <span class='ocrx_word' id='word_1_24' title='bbox 622 676 737 749; x_wconf 78' lang='lat' dir='ltr'><strong>totuin</strong></span> <span class='ocrx_word' id='word_1_25' title='bbox 771 676 844 749; x_wconf 92' lang='lat' dir='ltr'><strong>loci</strong></span> <span class='ocrx_word' id='word_1_26' title='bbox 871 681 1082 748; x_wconf 84' lang='lat' dir='ltr'><strong>contextus.</strong></span> <span class='ocrx_word' id='word_1_27' title='bbox 1141 676 1263 750; x_wconf 83' lang='lat' dir='ltr'><strong>Hora-</strong></span> 
     </span>
     <span class='ocr_line' id='line_1_5' title="bbox 123 791 1264 896; baseline -0.001 -27"><span class='ocrx_word' id='word_1_28' title='bbox 123 795 197 869; x_wconf 83' lang='lat' dir='ltr'><strong>tius</strong></span> <span class='ocrx_word' id='word_1_29' title='bbox 213 794 381 896; x_wconf 77' lang='lat' dir='ltr'><strong>agnoscit</strong></span> <span class='ocrx_word' id='word_1_30' title='bbox 404 793 600 893; x_wconf 85' lang='lat' dir='ltr'><strong>ingenium</strong></span> <span class='ocrx_word' id='word_1_31' title='bbox 615 791 752 867; x_wconf 84' lang='lat' dir='ltr'><strong>Lucilii</strong></span> <span class='ocrx_word' id='word_1_32' title='bbox 778 816 944 890; x_wconf 83' lang='lat' dir='ltr'><strong>erunque</strong></span> <span class='ocrx_word' id='word_1_33' title='bbox 969 791 1163 865; x_wconf 89' lang='lat' dir='ltr'><strong>hominem</strong></span> <span class='ocrx_word' id='word_1_34' title='bbox 1183 818 1264 868; x_wconf 81' lang='lat' dir='ltr'><strong>esse</strong></span> 
     </span>
     <span class='ocr_line' id='line_1_6' title="bbox 120 910 1262 1012; baseline -0.001 -24"><span class='ocrx_word' id='word_1_35' title='bbox 120 912 263 989; x_wconf 82' lang='lat' dir='ltr'><strong>latetm</strong></span> <span class='ocrx_word' id='word_1_36' title='bbox 283 933 447 1003; x_wconf 90' lang='lat' dir='ltr'><strong>comem,</strong></span> <span class='ocrx_word' id='word_1_37' title='bbox 472 910 652 1005; x_wconf 77' lang='lat' dir='ltr'><strong>facetum,</strong></span> <span class='ocrx_word' id='word_1_38' title='bbox 677 918 877 985; x_wconf 83' lang='lat' dir='ltr'><strong>emunctae</strong></span> <span class='ocrx_word' id='word_1_39' title='bbox 902 910 1017 1005; x_wconf 82' lang='lat' dir='ltr'><strong>naris,</strong></span> <span class='ocrx_word' id='word_1_40' title='bbox 1043 910 1082 983; x_wconf 91' lang='lat' dir='ltr'><strong>h.</strong></span> <span class='ocrx_word' id='word_1_41' title='bbox 1103 935 1138 986; x_wconf 90' lang='lat' dir='ltr'><strong>e.</strong></span> <span class='ocrx_word' id='word_1_42' title='bbox 1157 937 1262 1012; x_wconf 83' lang='lat' dir='ltr'><strong>saga-</strong></span> 
     </span>
     <span class='ocr_line' id='line_1_7' title="bbox 119 1029 1264 1129; baseline -0.003 -22"><span class='ocrx_word' id='word_1_43' title='bbox 119 1033 217 1107; x_wconf 85' lang='lat' dir='ltr'><strong>citer</strong></span> <span class='ocrx_word' id='word_1_44' title='bbox 248 1031 517 1105; x_wconf 81' lang='lat' dir='ltr'><strong>observantem</strong></span> <span class='ocrx_word' id='word_1_45' title='bbox 544 1029 741 1103; x_wconf 89' lang='lat' dir='ltr'><strong>bominum</strong></span> <span class='ocrx_word' id='word_1_46' title='bbox 771 1053 921 1120; x_wconf 85' lang='lat' dir='ltr'><strong>mores,</strong></span> <span class='ocrx_word' id='word_1_47' title='bbox 965 1032 1033 1103; x_wconf 88' lang='lat' dir='ltr'><strong>sed</strong></span> <span class='ocrx_word' id='word_1_48' title='bbox 1057 1031 1264 1129; x_wconf 86' lang='lat' dir='ltr'><strong>reprehen-</strong></span> 
     </span>
     <span class='ocr_line' id='line_1_8' title="bbox 116 1142 1263 1246; baseline -0.004 -20"><span class='ocrx_word' id='word_1_49' title='bbox 116 1150 178 1225; x_wconf 90' lang='lat' dir='ltr'><strong>dit</strong></span> <span class='ocrx_word' id='word_1_50' title='bbox 210 1172 392 1226; x_wconf 82' lang='lat' dir='ltr'><strong>versuum</strong></span> <span class='ocrx_word' id='word_1_51' title='bbox 420 1142 504 1246; x_wconf 78' lang='lat' dir='ltr'><strong>ejus</strong></span> <span class='ocrx_word' id='word_1_52' title='bbox 532 1147 732 1241; x_wconf 84' lang='lat' dir='ltr'><strong>duritiem,</strong></span> <span class='ocrx_word' id='word_1_53' title='bbox 775 1156 904 1221; x_wconf 89' lang='lat' dir='ltr'><strong>natam</strong></span> <span class='ocrx_word' id='word_1_54' title='bbox 928 1147 1046 1222; x_wconf 88' lang='lat' dir='ltr'><strong>nimia</strong></span> <span class='ocrx_word' id='word_1_55' title='bbox 1072 1149 1263 1222; x_wconf 85' lang='lat' dir='ltr'><strong>scribendi</strong></span> 
     </span>
     <span class='ocr_line' id='line_1_9' title="bbox 114 1264 1264 1366; baseline -0.002 -24"><span class='ocrx_word' id='word_1_56' title='bbox 114 1266 363 1343; x_wconf 76' lang='lat' dir='ltr'><strong>festinatione</strong></span> <span class='ocrx_word' id='word_1_57' title='bbox 387 1273 428 1339; x_wconf 88' lang='lat' dir='ltr'><strong>et</strong></span> <span class='ocrx_word' id='word_1_58' title='bbox 452 1266 565 1339; x_wconf 89' lang='lat' dir='ltr'><strong>limae</strong></span> <span class='ocrx_word' id='word_1_59' title='bbox 589 1273 710 1340; x_wconf 87' lang='lat' dir='ltr'><strong>metu.</strong></span> <span class='ocrx_word' id='word_1_60' title='bbox 761 1264 858 1340; x_wconf 90' lang='lat' dir='ltr'><strong>llinc</strong></span> <span class='ocrx_word' id='word_1_61' title='bbox 884 1264 969 1366; x_wconf 77' lang='lat' dir='ltr'><strong>ejus</strong></span> <span class='ocrx_word' id='word_1_62' title='bbox 997 1290 1127 1340; x_wconf 79' lang='lat' dir='ltr'><strong>versus</strong></span> <span class='ocrx_word' id='word_1_63' title='bbox 1142 1268 1264 1340; x_wconf 81' lang='lat' dir='ltr'><strong>scabri</strong></span> 
     </span>
     <span class='ocr_line' id='line_1_10' title="bbox 115 1380 1264 1483; baseline -0.003 -21"><span class='ocrx_word' id='word_1_64' title='bbox 115 1392 236 1463; x_wconf 87' lang='lat' dir='ltr'><strong>erant</strong></span> <span class='ocrx_word' id='word_1_65' title='bbox 269 1392 308 1459; x_wconf 87' lang='lat' dir='ltr'><strong>et</strong></span> <span class='ocrx_word' id='word_1_66' title='bbox 340 1380 528 1483; x_wconf 84' lang='lat' dir='ltr'><strong>deturpati</strong></span> <span class='ocrx_word' id='word_1_67' title='bbox 560 1382 738 1476; x_wconf 74' lang='lat' dir='ltr'><strong>mauffls,</strong></span> <span class='ocrx_word' id='word_1_68' title='bbox 779 1408 874 1481; x_wconf 85' lang='lat' dir='ltr'><strong>quas</strong></span> <span class='ocrx_word' id='word_1_69' title='bbox 899 1383 1074 1457; x_wconf 84' lang='lat' dir='ltr'><strong>Horatius</strong></span> <span class='ocrx_word' id='word_1_70' title='bbox 1099 1386 1264 1459; x_wconf 84' lang='lat' dir='ltr'><strong>sublatas</strong></span> 
     </span>
     <span class='ocr_line' id='line_1_11' title="bbox 115 1500 1264 1581; baseline -0.005 0"><span class='ocrx_word' id='word_1_71' title='bbox 115 1526 208 1581; x_wconf 79' lang='lat' dir='ltr'><strong>esee</strong></span> <span class='ocrx_word' id='word_1_72' title='bbox 239 1502 367 1578; x_wconf 89' lang='lat' dir='ltr'><strong>vellet.</strong></span> <span class='ocrx_word' id='word_1_73' title='bbox 426 1502 511 1577; x_wconf 89' lang='grc' dir='ltr'><strong>Ηοο</strong></span> <span class='ocrx_word' id='word_1_74' title='bbox 536 1509 665 1577; x_wconf 86' lang='lat' dir='ltr'><strong>autem</strong></span> <span class='ocrx_word' id='word_1_75' title='bbox 690 1502 865 1577; x_wconf 87' lang='lat' dir='ltr'><strong>dictionis</strong></span> <span class='ocrx_word' id='word_1_76' title='bbox 890 1500 1108 1576; x_wconf 86' lang='lat' dir='ltr'><strong>Lucilianae</strong></span> <span class='ocrx_word' id='word_1_77' title='bbox 1132 1503 1264 1578; x_wconf 86' lang='lat' dir='ltr'><strong>vitium</strong></span> 
     </span>
     <span class='ocr_line' id='line_1_12' title="bbox 117 1617 1264 1722; baseline -0.004 -23"><span class='ocrx_word' id='word_1_78' title='bbox 117 1621 309 1722; x_wconf 78' lang='lat' dir='ltr'><strong>exprimit</strong></span> <span class='ocrx_word' id='word_1_79' title='bbox 338 1619 503 1720; x_wconf 80' lang='lat' dir='ltr'><strong>imagine</strong></span> <span class='ocrx_word' id='word_1_80' title='bbox 536 1643 559 1694; x_wconf 83' lang='lat' dir='ltr'><strong>e</strong></span> <span class='ocrx_word' id='word_1_81' title='bbox 598 1617 756 1693; x_wconf 72' lang='lat' dir='ltr'><strong>flimrine</strong></span> <span class='ocrx_word' id='word_1_82' title='bbox 789 1618 978 1693; x_wconf 89' lang='lat' dir='ltr'><strong>lutulento</strong></span> <span class='ocrx_word' id='word_1_83' title='bbox 1019 1619 1154 1717; x_wconf 81' lang='lat' dir='ltr'><strong>petita,</strong></span> <span class='ocrx_word' id='word_1_84' title='bbox 1203 1621 1264 1695; x_wconf 92' lang='lat' dir='ltr'><strong>cui</strong></span> 
     </span>
     <span class='ocr_line' id='line_1_13' title="bbox 117 1737 1266 1836; baseline -0.003 -21"><span class='ocrx_word' id='word_1_85' title='bbox 117 1762 218 1815; x_wconf 79' lang='lat' dir='ltr'><strong>eane</strong></span> <span class='ocrx_word' id='word_1_86' title='bbox 241 1763 322 1812; x_wconf 91' lang='lat' dir='ltr'><strong>non</strong></span> <span class='ocrx_word' id='word_1_87' title='bbox 345 1737 523 1813; x_wconf 84' lang='lat' dir='ltr'><strong>convenit</strong></span> <span class='ocrx_word' id='word_1_88' title='bbox 546 1762 585 1813; x_wconf 88' lang='lat' dir='ltr'><strong>v.</strong></span> <span class='ocrx_word' id='word_1_89' title='bbox 611 1738 755 1811; x_wconf 81' lang='lat' dir='ltr'><strong>tollere.</strong></span> <span class='ocrx_word' id='word_1_90' title='bbox 813 1738 866 1811; x_wconf 87' lang='lat' dir='ltr'><strong>At</strong></span> <span class='ocrx_word' id='word_1_91' title='bbox 890 1738 977 1834; x_wconf 75' lang='lat' dir='ltr'><strong>quie</strong></span> <span class='ocrx_word' id='word_1_92' title='bbox 1000 1744 1135 1835; x_wconf 82' lang='lat' dir='ltr'><strong>poetas</strong></span> <span class='ocrx_word' id='word_1_93' title='bbox 1159 1746 1266 1836; x_wconf 89' lang='lat' dir='ltr'><strong>putat</strong></span> 
     </span>
     <span class='ocr_line' id='line_1_14' title="bbox 117 1855 1264 1957; baseline -0.001 -24"><span class='ocrx_word' id='word_1_94' title='bbox 117 1856 411 1957; x_wconf 75' lang='lat' dir='ltr'><strong>adstringendos</strong></span> <span class='ocrx_word' id='word_1_95' title='bbox 445 1878 529 1931; x_wconf 79' lang='lat' dir='ltr'><strong>esse</strong></span> <span class='ocrx_word' id='word_1_96' title='bbox 560 1855 617 1928; x_wconf 92' lang='lat' dir='ltr'><strong>illi</strong></span> <span class='ocrx_word' id='word_1_97' title='bbox 657 1862 881 1953; x_wconf 85' lang='lat' dir='ltr'><strong>praecepto,</strong></span> <span class='ocrx_word' id='word_1_98' title='bbox 923 1858 1026 1953; x_wconf 87' lang='lat' dir='ltr'><strong>qnod</strong></span> <span class='ocrx_word' id='word_1_99' title='bbox 1051 1859 1264 1932; x_wconf 83' lang='lat' dir='ltr'><strong>oratoribus</strong></span> 
     </span>
     <span class='ocr_line' id='line_1_15' title="bbox 118 1970 1263 2077; baseline -0.001 -26"><span class='ocrx_word' id='word_1_100' title='bbox 118 1972 288 2077; x_wconf 82' lang='lat' dir='ltr'><strong>injungit</strong></span> <span class='ocrx_word' id='word_1_101' title='bbox 313 1974 565 2067; x_wconf 63' lang='lat' dir='ltr'><strong>Quintilianus</strong></span> <span class='ocrx_word' id='word_1_102' title='bbox 589 1972 622 2046; x_wconf 89' lang='lat' dir='ltr'><strong>I.</strong></span> <span class='ocrx_word' id='word_1_103' title='bbox 648 1970 717 2046; x_wconf 88' lang='lat' dir='ltr'><strong>Or.</strong></span> <span class='ocrx_word' id='word_1_104' title='bbox 742 1971 850 2045; x_wconf 90' lang='lat' dir='ltr'><strong>Libr.</strong></span> <span class='ocrx_word' id='word_1_105' title='bbox 869 1973 969 2047; x_wconf 84' lang='lat' dir='ltr'><strong>Vlll.</strong></span> <span class='ocrx_word' id='word_1_106' title='bbox 996 1999 1028 2048; x_wconf 85' lang='lat' dir='ltr'><strong>c.</strong></span> <span class='ocrx_word' id='word_1_107' title='bbox 1054 1977 1091 2049; x_wconf 90' lang='grc'><strong>6.</strong></span> <span class='ocrx_word' id='word_1_108' title='bbox 1118 1985 1148 2065; x_wconf 87' lang='lat'><strong>§.</strong></span> <span class='ocrx_word' id='word_1_109' title='bbox 1171 1972 1263 2050; x_wconf 74' lang='lat' dir='ltr'><strong>su?</strong></span> 
     </span>
    </p>

    <p class='ocr_par' dir='ltr' id='par_1_3' title="bbox 105 2091 1267 3372">
     <span class='ocr_line' id='line_1_16' title="bbox 200 2091 1264 2188; baseline 0.002 -21"><span class='ocrx_word' id='word_1_110' title='bbox 200 2092 402 2167; x_wconf 80' lang='lat' dir='ltr'><strong>Caeterum</strong></span> <span class='ocrx_word' id='word_1_111' title='bbox 426 2116 508 2167; x_wconf 87' lang='lat' dir='ltr'><strong>non</strong></span> <span class='ocrx_word' id='word_1_112' title='bbox 531 2097 612 2167; x_wconf 88' lang='lat' dir='ltr'><strong>erat</strong></span> <span class='ocrx_word' id='word_1_113' title='bbox 636 2092 741 2188; x_wconf 88' lang='lat' dir='ltr'><strong>quod</strong></span> <span class='ocrx_word' id='word_1_114' title='bbox 761 2091 1011 2182; x_wconf 78' lang='lat' dir='ltr'><strong>Quintilianus</strong></span> <span class='ocrx_word' id='word_1_115' title='bbox 1036 2094 1084 2166; x_wconf 85' lang='lat' dir='ltr'><strong>ab</strong></span> <span class='ocrx_word' id='word_1_116' title='bbox 1109 2094 1264 2169; x_wconf 87' lang='lat' dir='ltr'><strong>Horatio</strong></span> 
     </span>
     <span class='ocr_line' id='line_1_17' title="bbox 120 2207 1265 2310; baseline -0.004 -23"><span class='ocrx_word' id='word_1_117' title='bbox 120 2210 337 2287; x_wconf 69' lang='lat' dir='ltr'><strong>numeret</strong></span> <span class='ocrx_word' id='word_1_118' title='bbox 359 2218 462 2285; x_wconf 81' lang='lat' dir='ltr'><strong>ratus</strong></span> <span class='ocrx_word' id='word_1_119' title='bbox 486 2208 688 2310; x_wconf 80' lang='lat' dir='ltr'><strong>malignius</strong></span> <span class='ocrx_word' id='word_1_120' title='bbox 713 2209 761 2281; x_wconf 88' lang='lat' dir='ltr'><strong>ab</strong></span> <span class='ocrx_word' id='word_1_121' title='bbox 787 2230 835 2282; x_wconf 88' lang='lat' dir='ltr'><strong>eo</strong></span> <span class='ocrx_word' id='word_1_122' title='bbox 860 2207 1052 2283; x_wconf 86' lang='lat' dir='ltr'><strong>laudatum</strong></span> <span class='ocrx_word' id='word_1_123' title='bbox 1077 2234 1160 2284; x_wconf 86' lang='lat' dir='ltr'><strong>esse</strong></span> <span class='ocrx_word' id='word_1_124' title='bbox 1184 2210 1265 2283; x_wconf 91' lang='lat' dir='ltr'><strong>Lu·</strong></span> 
     </span>
     <span class='ocr_line' id='line_1_18' title="bbox 122 2326 1265 2423; baseline -0.007 -18"><span class='ocrx_word' id='word_1_125' title='bbox 122 2330 269 2405; x_wconf 76' lang='lat' dir='ltr'><strong>ellium.</strong></span> <span class='ocrx_word' id='word_1_126' title='bbox 319 2330 425 2423; x_wconf 75' lang='lat' dir='ltr'><strong>Quae</strong></span> <span class='ocrx_word' id='word_1_127' title='bbox 449 2328 554 2403; x_wconf 88' lang='lat' dir='ltr'><strong>enim</strong></span> <span class='ocrx_word' id='word_1_128' title='bbox 578 2328 616 2402; x_wconf 90' lang='lat' dir='ltr'><strong>ei</strong></span> <span class='ocrx_word' id='word_1_129' title='bbox 640 2350 663 2401; x_wconf 91' lang='lat' dir='ltr'><strong>a</strong></span> <span class='ocrx_word' id='word_1_130' title='bbox 684 2326 914 2419; x_wconf 76' lang='lat' dir='ltr'><strong>Quintiliano</strong></span> <span class='ocrx_word' id='word_1_131' title='bbox 939 2328 1119 2401; x_wconf 82' lang='lat' dir='ltr'><strong>tribuitur</strong></span> <span class='ocrx_word' id='word_1_132' title='bbox 1134 2328 1265 2402; x_wconf 68' lang='lat' dir='ltr'><strong>erudi?-</strong></span> 
     </span>
     <span class='ocr_line' id='line_1_19' title="bbox 122 2445 1264 2544; baseline -0.002 -21"><span class='ocrx_word' id='word_1_133' title='bbox 122 2447 180 2523; x_wconf 76' lang='lat' dir='ltr'><strong>tio</strong></span> <span class='ocrx_word' id='word_1_134' title='bbox 213 2446 321 2521; x_wconf 80' lang='lat' dir='ltr'><strong>miro</strong></span> <span class='ocrx_word' id='word_1_135' title='bbox 355 2454 395 2522; x_wconf 87' lang='lat' dir='ltr'><strong>et</strong></span> <span class='ocrx_word' id='word_1_136' title='bbox 426 2446 585 2521; x_wconf 70' lang='grc' dir='ltr'><em>ῑῶοήαε</em></span> <span class='ocrx_word' id='word_1_137' title='bbox 609 2452 725 2544; x_wconf 89' lang='lat' dir='ltr'><strong>atque</strong></span> <span class='ocrx_word' id='word_1_138' title='bbox 748 2445 840 2518; x_wconf 91' lang='lat' dir='ltr'><strong>inde</strong></span> <span class='ocrx_word' id='word_1_139' title='bbox 866 2446 1078 2537; x_wconf 75' lang='lat' dir='ltr'><strong>acerbitas,</strong></span> <span class='ocrx_word' id='word_1_140' title='bbox 1110 2449 1264 2521; x_wconf 82' lang='lat' dir='ltr'><strong>easdem</strong></span> 
     </span>
     <span class='ocr_line' id='line_1_20' title="bbox 122 2563 1265 2665; baseline -0.003 -23"><span class='ocrx_word' id='word_1_141' title='bbox 122 2568 279 2643; x_wconf 78' lang='lat' dir='ltr'><strong>virtutes</strong></span> <span class='ocrx_word' id='word_1_142' title='bbox 302 2566 389 2665; x_wconf 73' lang='lat' dir='ltr'><strong>qiua</strong></span> <span class='ocrx_word' id='word_1_143' title='bbox 411 2565 538 2641; x_wconf 86' lang='lat' dir='ltr'><strong>eidem</strong></span> <span class='ocrx_word' id='word_1_144' title='bbox 569 2587 650 2637; x_wconf 90' lang='lat' dir='ltr'><strong>non</strong></span> <span class='ocrx_word' id='word_1_145' title='bbox 680 2563 888 2661; x_wconf 79' lang='lat' dir='ltr'><strong>impertitas</strong></span> <span class='ocrx_word' id='word_1_146' title='bbox 921 2588 1004 2639; x_wconf 82' lang='lat' dir='ltr'><strong>esse</strong></span> <span class='ocrx_word' id='word_1_147' title='bbox 1027 2564 1192 2639; x_wconf 86' lang='lat' dir='ltr'><strong>fateatur</strong></span> <span class='ocrx_word' id='word_1_148' title='bbox 1217 2567 1265 2640; x_wconf 88' lang='lat' dir='ltr'><strong>ab</strong></span> 
     </span>
     <span class='ocr_line' id='line_1_21' title="bbox 118 2680 1266 2782; baseline -0.002 -23"><span class='ocrx_word' id='word_1_149' title='bbox 118 2680 283 2761; x_wconf 85' lang='lat' dir='ltr'><strong>lloratio</strong></span> <span class='ocrx_word' id='word_1_150' title='bbox 316 2685 483 2779; x_wconf 82' lang='lat' dir='ltr'><strong>dicente,</strong></span> <span class='ocrx_word' id='word_1_151' title='bbox 516 2707 540 2758; x_wconf 90' lang='lat' dir='ltr'><strong>a</strong></span> <span class='ocrx_word' id='word_1_152' title='bbox 571 2681 719 2782; x_wconf 79' lang='lat' dir='ltr'><strong>priscae</strong></span> <span class='ocrx_word' id='word_1_153' title='bbox 745 2681 974 2756; x_wconf 80' lang='lat' dir='ltr'><strong>comoediae</strong></span> <span class='ocrx_word' id='word_1_154' title='bbox 997 2683 1121 2781; x_wconf 86' lang='lat' dir='ltr'><strong>poetis</strong></span> <span class='ocrx_word' id='word_1_155' title='bbox 1146 2692 1266 2758; x_wconf 88' lang='lat' dir='ltr'><strong>totmn</strong></span> 
     </span>
     <span class='ocr_line' id='line_1_22' title="bbox 115 2795 1265 2905; baseline -0.003 -27"><span class='ocrx_word' id='word_1_156' title='bbox 115 2804 293 2905; x_wconf 79' lang='lat' dir='ltr'><strong>pendere</strong></span> <span class='ocrx_word' id='word_1_157' title='bbox 323 2801 513 2877; x_wconf 89' lang='lat' dir='ltr'><strong>Lucilium</strong></span> <span class='ocrx_word' id='word_1_158' title='bbox 545 2826 584 2877; x_wconf 83' lang='lat' dir='ltr'><strong>v.</strong></span> <span class='ocrx_word' id='word_1_159' title='bbox 610 2795 678 2875; x_wconf 76' lang='lat' dir='ltr'><strong>a?</strong></span> <span class='ocrx_word' id='word_1_160' title='bbox 719 2800 853 2897; x_wconf 86' lang='lat' dir='ltr'><strong>Neque</strong></span> <span class='ocrx_word' id='word_1_161' title='bbox 888 2802 1046 2903; x_wconf 82' lang='lat' dir='ltr'><strong>derogat</strong></span> <span class='ocrx_word' id='word_1_162' title='bbox 1079 2802 1115 2877; x_wconf 92' lang='lat' dir='ltr'><strong>ei</strong></span> <span class='ocrx_word' id='word_1_163' title='bbox 1141 2803 1265 2875; x_wconf 70' lang='lat' dir='ltr'><strong>cabrin-</strong></span> 
     </span>
     <span class='ocr_line' id='line_1_23' title="bbox 109 2918 1267 3019; baseline -0.005 -22"><span class='ocrx_word' id='word_1_164' title='bbox 109 2919 308 2999; x_wconf 77' lang='lat' dir='ltr'><strong>dontimo</strong></span> <span class='ocrx_word' id='word_1_165' title='bbox 339 2920 436 2996; x_wconf 77' lang='lat' dir='ltr'><strong>aelia</strong></span> <span class='ocrx_word' id='word_1_166' title='bbox 467 2920 661 3019; x_wconf 77' lang='lat' dir='ltr'><strong>appellans</strong></span> <span class='ocrx_word' id='word_1_167' title='bbox 686 2940 777 2992; x_wconf 89' lang='lat' dir='ltr'><strong>eum</strong></span> <span class='ocrx_word' id='word_1_168' title='bbox 790 2918 977 3015; x_wconf 81' lang='lat' dir='ltr'><strong>fiecetum</strong></span> <span class='ocrx_word' id='word_1_169' title='bbox 1001 2932 1041 2993; x_wconf 92' lang='lat' dir='ltr'><strong>et</strong></span> <span class='ocrx_word' id='word_1_170' title='bbox 1065 2934 1267 2994; x_wconf 84' lang='lat' dir='ltr'><strong>ennmctue</strong></span> 
     </span>
     <span class='ocr_line' id='line_1_24' title="bbox 108 3036 1265 3136; baseline -0.005 -19"><span class='ocrx_word' id='word_1_171' title='bbox 108 3036 322 3117; x_wconf 79' lang='lat' dir='ltr'><strong>hominem</strong></span> <span class='ocrx_word' id='word_1_172' title='bbox 353 3036 490 3113; x_wconf 72' lang='lat' dir='ltr'><strong>amris:</strong></span> <span class='ocrx_word' id='word_1_173' title='bbox 531 3061 698 3136; x_wconf 87' lang='lat' dir='ltr'><strong>quorum</strong></span> <span class='ocrx_word' id='word_1_174' title='bbox 729 3037 934 3110; x_wconf 82' lang='lat' dir='ltr'><strong>verborum</strong></span> <span class='ocrx_word' id='word_1_175' title='bbox 967 3038 1046 3113; x_wconf 89' lang='lat' dir='ltr'><strong>vim</strong></span> <span class='ocrx_word' id='word_1_176' title='bbox 1078 3045 1118 3113; x_wconf 92' lang='lat' dir='ltr'><strong>et</strong></span> <span class='ocrx_word' id='word_1_177' title='bbox 1152 3064 1265 3111; x_wconf 82' lang='lat' dir='ltr'><strong>usum</strong></span> 
     </span>
     <span class='ocr_line' id='line_1_25' title="bbox 105 3153 1264 3254; baseline -0.007 -19"><span class='ocrx_word' id='word_1_178' title='bbox 105 3180 177 3235; x_wconf 66' lang='lat' dir='ltr'><strong>ex</strong></span> <span class='ocrx_word' id='word_1_179' title='bbox 210 3154 446 3233; x_wconf 80' lang='lat' dir='ltr'><strong>Grneeomm</strong></span> <span class='ocrx_word' id='word_1_180' title='bbox 479 3156 658 3254; x_wconf 86' lang='lat' dir='ltr'><strong>opinione</strong></span> <span class='ocrx_word' id='word_1_181' title='bbox 691 3153 857 3252; x_wconf 71' lang='lat' dir='ltr'><strong>(predam</strong></span> <span class='ocrx_word' id='word_1_182' title='bbox 892 3159 1141 3254; x_wconf 86' lang='lat' dir='ltr'><strong>repetendum</strong></span> <span class='ocrx_word' id='word_1_183' title='bbox 1177 3158 1264 3228; x_wconf 90' lang='lat' dir='ltr'><strong>illn-</strong></span> 
     </span>
     <span class='ocr_line' id='line_1_26' title="bbox 110 3272 1264 3372; baseline -0.004 -21"><span class='ocrx_word' id='word_1_184' title='bbox 110 3276 245 3351; x_wconf 72' lang='lat' dir='ltr'><strong>stravi</strong></span> <span class='ocrx_word' id='word_1_185' title='bbox 268 3276 311 3349; x_wconf 89' lang='lat' dir='ltr'><strong>in</strong></span> <span class='ocrx_word' id='word_1_186' title='bbox 333 3272 564 3349; x_wconf 81' lang='lat' dir='ltr'><strong>Lectioruun</strong></span> <span class='ocrx_word' id='word_1_187' title='bbox 589 3272 733 3346; x_wconf 85' lang='lat' dir='ltr'><strong>Venus.</strong></span> <span class='ocrx_word' id='word_1_188' title='bbox 758 3272 801 3345; x_wconf 86' lang='lat' dir='ltr'><strong>P.</strong></span> <span class='ocrx_word' id='word_1_189' title='bbox 830 3272 862 3347; x_wconf 90' lang='lat' dir='ltr'><strong>l.</strong></span> <span class='ocrx_word' id='word_1_190' title='bbox 899 3298 938 3372; x_wconf 85' lang='lat' dir='ltr'><strong>p.</strong></span> <span class='ocrx_word' id='word_1_191' title='bbox 964 3272 1000 3347; x_wconf 88' lang='grc'><strong>5.</strong></span> <span class='ocrx_word' id='word_1_192' title='bbox 1028 3274 1074 3347; x_wconf 87' lang='lat' dir='ltr'><strong>cl.</strong></span> <span class='ocrx_word' id='word_1_193' title='bbox 1100 3272 1264 3348; x_wconf 77' lang='lat' dir='ltr'><strong>Jacobsii</strong></span> 
     </span>
    </p>
   </div>
   <div class='ocr_carea' id='block_1_3' title="bbox 117 3389 782 3492">
    <p class='ocr_par' dir='ltr' id='par_1_4' title="bbox 117 3389 782 3492">
     <span class='ocr_line' id='line_1_27' title="bbox 117 3389 782 3492; baseline -0.012 -21"><span class='ocrx_word' id='word_1_194' title='bbox 117 3392 300 3471; x_wconf 86' lang='lat' dir='ltr'><strong>Lection.</strong></span> <span class='ocrx_word' id='word_1_195' title='bbox 325 3392 464 3471; x_wconf 81' lang='lat' dir='ltr'><strong>Venus.</strong></span> <span class='ocrx_word' id='word_1_196' title='bbox 480 3392 550 3468; x_wconf 88' lang='lat' dir='ltr'><strong>xl.</strong></span> <span class='ocrx_word' id='word_1_197' title='bbox 576 3417 615 3492; x_wconf 85' lang='lat' dir='ltr'><strong>p.</strong></span> <span class='ocrx_word' id='word_1_198' title='bbox 630 3391 720 3467; x_wconf 78' lang='lat'><strong>239.</strong></span> <span class='ocrx_word' id='word_1_199' title='bbox 737 3389 782 3466; x_wconf 89' lang='lat' dir='ltr'><strong>u.</strong></span> 
     </span>
    </p>
   </div>
   <div class='ocr_carea' id='block_1_4' title="bbox 600 3738 805 3755">
    <p class='ocr_par' dir='ltr' id='par_1_5' title="bbox 600 3738 805 3755">
     <span class='ocr_line' id='line_1_28' title="bbox 600 3738 805 3755; baseline -0.005 0"><span class='ocrx_word' id='word_1_200' title='bbox 600 3738 805 3755; x_wconf 60' lang='lat' dir='ltr'><strong>nnn-</strong></span> 
     </span>
    </p>
   </div>
   <div class='ocr_carea' id='block_1_5' title="bbox 0 0 1348 5294">
    <p class='ocr_par' dir='ltr' id='par_1_6' title="bbox 0 0 1348 5294">
     <span class='ocr_line' id='line_1_29' title="bbox 0 0 1348 5294; baseline 0 0"><span class='ocrx_word' id='word_1_201' title='bbox 0 0 1348 5294; x_wconf 95' lang='lat' dir='ltr'><strong> </strong></span> 
     </span>
    </p>
   </div>
  </div>
 </body>
</html>
