2686 5236
149 633 224 713 192
500 652 551 705 os
579 652 715 705 csssro
734 651 959 723 sennaser.

146 821 245 899 nibil
268 816 450 917 mumvit,
475 818 550 895 uisi
574 804 843 895 interductum.
896 818 989 895 Tria
1013 819 1120 897 enim
1144 818 1214 895 illa
1229 844 1302 897 no·

109 1032 113 1041 .
148 943 252 1019 mina
285 940 328 1014 in
352 938 629 1039 antiquioribus
653 936 765 1017 Plinii
796 936 1026 1017 editionibus
1050 940 1221 1039 pessime
1246 939 1303 1015 di·

148 1061 449 1163 stinguebantur.
508 1058 607 1133 llinc
640 1055 828 1132 Sinderus
860 1059 900 1133 iu
924 1058 1103 1158 Epitome
1128 1058 1302 1135 Pliniana

149 1180 310 1258 Gesneri
344 1185 582 1254 commentus
616 1185 676 1251 est
710 1177 877 1278 aliquem
911 1178 1156 1281 scriptorem,
1193 1176 1301 1253 Lon·

100 1281 108 1297 ’
147 1302 378 1399 gulcoms
400 1322 453 1373 ex
478 1294 586 1397 cujus
610 1296 718 1370 libris
743 1305 927 1397 excerpta
953 1299 1120 1401 dedisset
1143 1296 1299 1373 Plinius.

148 1418 268 1495 llrrer
300 1415 571 1516 perridicrdus!
617 1414 802 1491 llarduini
842 1417 1122 1492 distinctionem
1162 1410 1300 1493 merito

147 1537 343 1639 adoptavit
368 1535 537 1637 Sill‘gius
567 1533 656 1613 Vol
684 1533 719 1609 l.
751 1561 792 1636 p.
823 1538 931 1629 lla,
974 1543 1014 1611 et
1052 1520 1299 1613 manifestum

148 1666 227 1753 est,
263 1657 326 1731 isti
352 1656 480 1731 Cassio
507 1653 653 1730 Severo
682 1655 759 1729 loci
782 1655 918 1729 natalis
943 1681 1088 1731 nomen
1112 1653 1301 1759 adjectum

148 1800 254 1870 esse,
280 1783 325 1850 ut
351 1799 374 1850 a
401 1773 528 1849 Cassio
554 1774 769 1869 Parmensi,
799 1798 916 1873 quem
941 1781 981 1851 et
1004 1775 1133 1875 ipsum
1157 1776 1301 1851 Plinius

148 1897 299 1989 laudat,
340 1894 648 1995 distingueretur.
707 1893 849 1995 Atque·
867 1894 1052 1969 llarduini
1087 1896 1137 1971 de
1175 1895 1300 1971 Cassio

151 2013 316 2091 Oratore
357 2010 577 2114 conjectura
624 2037 804 2114 maguam
850 2013 966 2091 babet
1004 2014 1300 2090 verisimilitudi-

149 2158 260 2228 nem,
288 2158 385 2232 quae
411 2133 582 2207 unanimi
607 2133 770 2207 aliorum
797 2133 1027 2233 scriptorum
1051 2135 1206 2210 silentio
1230 2133 1300 2208 mi·

150 2253 256 2326 nime
290 2244 518 2326 debilitatur.
585 2250 674 2326 Fuit
708 2250 812 2327 enim
845 2250 1021 2354 Longula
1062 2277 1232 2353 parvum
1262 2260 1300 2326 et

148 2369 316 2472 ignobile
343 2367 445 2443 Latii
471 2369 653 2469 oppidum
678 2368 828 2447 aLivio
846 2369 954 2445 Libr.
970 2371 1021 2446 Π.
1048 2397 1082 2448 c.
1101 2372 1169 2447 33.
1187 2380 1226 2449 et
1240 2373 1300 2447 39.

150 2496 422 2583 memoratum,
467 2485 577 2590 eujus
610 2490 796 2565 memoria
818 2490 984 2589 posthae
1008 2492 1125 2590 plane
1152 2492 1301 2568 oblitte-

150 2615 234 2684 rata
270 2609 435 2684 evanuit.
503 2607 566 2683 Ex
602 2610 765 2684 obscuro
800 2618 928 2689 autem
967 2611 1053 2686 loco
1097 2611 1302 2686 orirmdum

147 2725 264 2803 uisse
305 2728 415 2802 illum
446 2737 660 2821 oratorem,
700 2728 791 2803 inde
824 2729 981 2831 colligo,
1017 2732 1122 2829 quod
1150 2730 1302 2806 Tacittu

150 2848 250 2923 dnn.
278 2845 387 2922 Libr.
404 2845 472 2921 IV.
500 2872 533 2921 c.
554 2846 617 2920 21.
647 2847 839 2944 expressis
866 2849 992 2923 verbis
1008 2850 1203 2924 sordidam
1219 2844 1299 2949 ejus

36 3002 44 3013 ·
151 2966 339 3067 originem
368 2974 650 3040 commemorat.
701 2964 817 3041 Estne
842 2967 955 3068 igitur
973 2969 1080 3066 quod
1103 2969 1302 3062 miremur,

150 3085 346 3161 neminem
382 3084 498 3158 alium
524 3085 752 3182 scriptorum
786 3097 958 3161 veterum
981 3087 1225 3163 mentionem
1249 3087 1304 3163 fe·

152 3203 250 3279 cisse
276 3202 372 3295 loci,
405 3202 445 3275 in
481 3227 560 3301 quo
586 3204 651 3278 ille
676 3211 789 3277 natus
817 3201 947 3280 essct?
989 3206 1169 3299 Accedit,
1203 3206 1303 3305 quod

152 3320 306 3398 Cassius
332 3318 520 3415 Severus,
554 3322 645 3396 lieet
676 3323 914 3422 eloprentiae
938 3325 1110 3400 maxime
1136 3320 1302 3419 vacaret,

152 3448 279 3516 temen
311 3441 429 3515 multa
463 3441 578 3515 etiam
607 3442 704 3517 varii
737 3444 950 3545 argumenti
984 3467 1103 3541 opera
1136 3445 1304 3519 ediderat

151 3566 209 3655 et,
234 3565 277 3632 ut
300 3557 399 3634 inira
423 3559 657 3654 videbimus,
683 3562 911 3637 nominatim
938 3564 985 3636 de
1007 3564 1187 3664 Aegypto
1214 3564 1303 3639 scri·

150 3684 297 3778 pserat,
341 3679 389 3754 de
422 3675 530 3779 cujus
563 3686 665 3754 terra
696 3678 814 3756 fabris
848 3681 1045 3756 utilissima
1069 3682 1304 3758 mentionem

148 3796 238 3875 feeit
262 3796 306 3870 in
330 3797 396 3872 illo
420 3797 520 3872 libro
542 3798 687 3873 Plinius
714 3824 748 3873 c.
770 3799 830 3872 15.
881 3798 927 3873 Iu
944 3800 1132 3876 Ilarduini
1149 3812 1303 3877 senteu-

148 3915 242 3991 tiam
267 3916 419 3990 transiit
443 3912 667 3993 Sanadonus
692 3918 741 3992 ad
765 3917 911 3993 lloratii
936 3917 1059 4019 Epod.
1089 3919 1157 3996 VI.
1194 3920 1302 3997 Tem.

149 4032 215 4111 lv.
240 4060 280 4135 p.
304 4035 393 4111 248.

254 4152 426 4229 Certiora
458 4160 545 4228 sunt
579 4180 678 4255 qsrae
714 4157 763 4231 de
795 4152 879 4259 ejus
915 4157 1015 4251 vite,
1057 4158 1239 4235 moribus
1269 4166 1304 4232 et

151 4274 286 4347 studiis
317 4272 527 4349 memoriae
569 4275 721 4374 prodita
755 4277 919 4378 legimus
962 4276 1063 4375 apud
1098 4276 1303 4378 scriptores

148 4392 343 4490 antiquos,
378 4416 543 4490 quorum
574 4395 791 4471 testimonie
822 4397 1033 4471 maximam
1058 4404 1216 4494 partem
1238 4421 1303 4470 nu·

147 4532 219 4610 per
251 4510 402 4611 collegit
434 4519 472 4585 et
505 4511 625 4587 edidit
658 4513 778 4589 Henr.
813 4516 991 4610 Meyerus
1027 4514 1070 4587 iu
1099 4514 1302 4592 Oraterum

148 4628 409 4703 Romanorum
432 4629 669 4731 Fragmentis
703 4634 854 4730 (Turici
884 4633 1015 4727 1832.)
1051 4659 1090 4730 p.
1112 4632 1205 4710 225.
1225 4656 1302 4732 sqq.

149 4744 261 4823 Vixit
284 4746 351 4823 ille
375 4745 575 4847 famaeque
590 4753 851 4831 mannitatem
875 4751 1010 4845 babuit
1035 4752 1110 4827 sub
1135 4751 1303 4854 Asrgntc
