2670 5294
149 614 225 690 214
496 634 547 683 on
573 632 709 683 cassio
737 630 956 681 nunetensi.

150 822 285 877 corum
309 796 453 873 notovit
476 818 667 888 errorem,
692 794 759 893 qui
783 816 869 869 etim
888 792 1017 866 Cassio
1034 788 1187 865 Severo
1201 786 1278 861 Per·

149 917 274 996 mensi
318 914 569 991 eonsudemnt
613 910 832 991 Cornelium
864 914 1068 1001 Soceruui,
1110 905 1279 1009 ejmdem,

150 1046 196 1115 ut
230 1037 302 1130 ait,
339 1033 523 1133 temporis
555 1040 729 1131 poetam,
762 1031 852 1106 belli
884 1029 1003 1105 Siculi
1035 1038 1078 1102 et
1111 1026 1282 1128 poematis

151 1160 202 1233 ‹le
233 1157 357 1230 Aetna
391 1153 617 1251 scriptorem
628 1150 684 1247 ¹⁸).
750 1150 933 1225 Mollems
967 1149 1108 1250 cogitat
1150 1148 1201 1221 de
1229 1144 1282 1218 illo

152 1276 330 1353 Cornelio
356 1272 523 1363 Severo,
548 1294 665 1367 quem
689 1268 981 1346 versificatorem
1005 1292 1125 1364 quam
1144 1272 1282 1363 poetam

150 1396 351 1471 meliorem
383 1390 476 1465 dicit
505 1388 755 1483 Quintilianus
785 1388 878 1461 lust.
905 1386 975 1461 Or.
999 1386 1112 1459 Lilsr.
1127 1384 1182 1458 X.
1209 1408 1239 1457 c.
1257 1382 1281 1453 l.

150 1524 182 1603 ς.
205 1514 269 1587 89.
296 1518 337 1584 et
361 1534 478 1609 quem
513 1509 577 1583 olii
602 1517 939 1583 connnemoratum
970 1506 1175 1581 imeniimt
1200 1498 1282 1601 apul

152 1629 334 1708 Ovidium
358 1654 411 1703 ex
436 1628 547 1702 Pont.
574 1626 681 1701 Lim.
697 1625 766 1701 IV.
790 1624 893 1727 Eleg.
910 1629 948 1701 2.
972 1650 1009 1701 v.
1028 1626 1064 1697 l.
1082 1648 1144 1721 sq.

207 1750 323 1849 Quod
347 1746 463 1843 legis,
490 1772 515 1821 o
539 1758 650 1821 vates
668 1770 904 1841 onognoru-nt
927 1742 1106 1817 tutissime
1123 1763 1265 1836 rogum,

260 1866 380 1946 Venit
405 1863 812 1965 (illinendumque,
838 1867 995 1953 Severe,
1025 1860 1163 1936 Getis:

151 1988 219 2062 ubi
250 1986 330 2062 Jac.
357 1986 531 2080 Micyllus
565 1984 776 2075 adnotavit,
820 1984 895 2057 duo
930 1980 1044 2055 sitisse
1078 1980 1146 2053 illu
1181 1984 1285 2053 aetate
1329 2009 1331 2084 j

151 2114 284 2205 poetas
316 2103 451 2177 Seueri
478 2104 656 2197 nomine,
698 2102 859 2178 alterum
901 2100 1072 2176 Cossium
1108 2096 1286 2173 Severum

151 2222 421 2314 Palmensem,
462 2222 529 2319 qui
555 2230 685 2297 tamen
719 2222 782 2296 hic
805 2246 877 2321 per
901 2218 1086 2317 temporis
1111 2218 1288 2291 rationem

151 2340 313 2439 intelligi
344 2364 424 2414 non
466 2341 605 2438 possit,
646 2342 809 2415 altorum
842 2339 1062 2413 Comelium
1097 2334 1287 2412 Sevemm.

151 2458 352 2554 Micyllum
376 2459 568 2533 Ponncnsi
595 2458 724 2533 Cossio
748 2456 881 2531 Seueri
900 2480 1111 2558 cognomen
1127 2457 1289 2529 tribuen-

152 2587 233 2652 tem
266 2578 357 2677 quid
389 2578 432 2651 in
464 2577 640 2652 liaudcm
671 2578 734 2651 hic
758 2577 971 2667 induxerit,
1003 2575 1151 2647 nemini
1179 2582 1290 2673 potest

153 2724 238 2772 csse
264 2700 486 2786 obseuunn3
516 2705 619 2773 recle
645 2706 772 2771 autem
796 2697 905 2768 illum
931 2692 1057 2767 Ouidii
1083 2695 1215 2767 locum
1240 2716 1292 2765 re-

151 2818 228 2888 l'ent
253 2818 302 2890 od
322 2806 549 2891 ¹Comelium
575 2813 783 2909 Sevcrtnn,
820 2816 868 2887 ‹lc
904 2836 979 2911 quo
1005 2812 1110 2889 idem
1137 2811 1291 2890 Ovidius

151 2957 205 3009 ex
230 2934 341 3007 Pont.
367 2933 474 3007 Libr.
493 2933 560 3005 lv.
586 2934 693 3035 Eleg.
714 2936 775 3007 lo.
802 2958 840 3008 v.
857 2934 914 3007 n:

208 3050 357 3150 (lttt'quc
382 3050 489 3123 dedit
514 3051 634 3125 Latio
659 3078 819 3125 certeco
844 3052 976 3147 regulo
1001 3036 1190 3125 Severuss

151 3192 268 3266 quom
292 3170 424 3243 locum
448 3171 593 3269 politer
626 3195 671 3246 ao
703 3171 941 3270 superiorem
966 3172 1015 3246 (le
1041 3170 1145 3244 bello
1174 3168 1293 3243 Siculo

152 3286 321 3361 Comelii
347 3285 483 3365 Sei-‘eri
508 3290 770 3387 aooipicmlum
796 3315 900 3381 esse,
937 3290 1054 3365 fusim
1089 3287 1295 3363 ostendiio

150 3403 327 3479 Excursu
338 3404 409 3482 III.
434 3408 484 3482 ad
502 3406 717 3483 Comment.
734 3410 785 3483 do
802 3409 851 3483 L.
873 3407 999 3487 Vario
1013 3411 1136 3484 Poeta
1162 3434 1204 3508 p.
1216 3405 1295 3482 15⁰.

152 3522 255 3599 Sunt
288 3524 394 3599 enim
428 3527 495 3626 qui
529 3525 720 3603 Seveumi
759 3529 887 3605 Ovidii
928 3536 1081 3628 poetam
1117 3526 1296 3627 ungium

150 3641 307 3737 saciant,
351 3668 518 3744 eumque
550 3672 632 3721 non
668 3648 888 3724 Cornelium
922 3650 990 3722 sed
1024 3645 1207 3723 Cassium
1231 3642 1298 3717 Se·

151 3787 289 3838 venun
322 3765 541 3838 nominent:
577 3764 687 3867 cujus
721 3767 903 3841 mitificae
929 3764 1210 3841 allucinationis
1233 3788 1299 3837 no·

150 3882 256 3957 mine
280 3884 469 3957 notandus
495 3892 552 3958 est
575 3886 660 3983 ipso
684 3884 748 3959 Fr.
763 3886 811 3960 ll.
828 3886 984 3959 Bothius
1005 3884 1045 3959 in
1061 3884 1173 3959 Poet.
1191 3884 1299 3959 Scen.

150 3998 236 4076 Lat.
269 4000 357 4076 Nol.
381 3998 431 4075 V.
468 4002 511 4076 P.
539 4002 574 4075 l.
609 4029 650 4101 p.
677 4005 789 4100 262,
833 4007 1014 4103 deceptus
1048 4005 1235 4105 exemplo
1265 4007 1302 4077 et

152 4120 374 4195 auctoritate
399 4120 443 4195 P.
470 4119 652 4197 Seriverii
676 4124 717 4197 in
744 4124 951 4198 collectan.
976 4150 1015 4223 p.
1039 4122 1126 4197 LX.
1153 4131 1196 4197 et
1220 4120 1302 4197 Ant.

91 4226 96 4238 ’
149 4232 273 4311 Deli-ii
313 4240 355 4312 in
401 4239 595 4343 syntagm.
643 4242 758 4345 Trog.
797 4242 885 4319 Lot.
920 4243 965 4317 Ρ.
992 4244 1022 4316 l.
1055 4268 1095 4343 p.
1129 4244 1197 4317 27.
1223 4264 1302 4340 sqq.

154 4392 366 4417 ..ιιι-Ψ...-

237 4474 292 4541 18)
322 4470 447 4540 carmen
478 4480 554 4542 illutl
581 4480 620 4543 dc
647 4482 755 4544 Aetna
785 4477 970 4559 ἀδέσποτον,
999 4485 1035 4544 eb
1061 4482 1129 4544 eliis
1159 4480 1305 4567 Quintilio

151 4545 241 4614 Vm
273 4556 427 4639 tributum,
456 4566 548 4627 multo
568 4570 746 4644 probabilius
771 4572 960 4647 compositum
979 4590 1045 4632 esso
1066 4590 1084 4631 a
1106 4567 1230 4631 Lucilio
1249 4565 1306 4629 'Jo-

111 4759 114 4772 .
147 4638 385 4801 3032!ssss
416 4648 447 4707 in
474 4646 601 4715 Exem
619 4652 645 4717 l.
676 4654 713 4717 tul
746 4651 907 4719 comment.
937 4653 977 4719 de
1011 4653 1053 4718 L.
1082 4652 1184 4718 Vario
1215 4652 1305 4717 Ponte
