2670 5294
106 630 184 705 24o
459 652 509 702 ns
536 653 674 705 csssro
702 653 921 705 rnaarrnsr.

107 839 185 915 que
219 816 321 889 bollo
356 816 527 913 parando
569 822 773 913 occupatus
809 814 998 912 lueratP).
1062 816 1245 893 Tribunis

107 934 271 1008 militum
304 932 425 1007 factus
467 942 507 1009 ot
543 933 652 1007 classi
691 934 903 1032 praefectus
937 942 1039 1010 terra
1084 937 1244 1035 maritpte

108 1059 306 1126 strenuum
331 1052 544 1151 sortemque
570 1053 759 1151 sogessit,
789 1064 829 1127 et
853 1064 996 1153 ‹pranta
1021 1057 1132 1152 apud
1156 1079 1244 1129 con·

107 1173 300 1246 militones
324 1170 438 1244 fuerit
463 1170 705 1262 auctoritate,
741 1171 833 1245 inde
859 1172 984 1271 colligi
1012 1173 1128 1267 licet,
1154 1175 1242 1271 quod

108 1288 150 1363 C.
169 1289 344 1381 Clodius,
371 1314 461 1363 cum
487 1288 635 1364 Cassius
661 1296 698 1361 et
723 1289 885 1384 Brutus,
911 1291 1036 1365 ultimi
1062 1290 1240 1367 Romano·

105 1431 213 1498 rum,
247 1410 348 1506 apud
372 1407 568 1504 Philippos
596 1406 838 1500 cecidissent,
872 1433 915 1484 so
940 1432 1030 1483 cum
1058 1411 1182 1486 classe
1202 1412 1238 1485 sd

106 1549 195 1600 eum
229 1526 401 1601 eontulit.
468 1524 556 1596 Fuit
588 1526 870 1621 quodammodo
903 1527 1083 1625 princeps
1109 1551 1237 1619 eoum,

107 1645 175 1744 qui
208 1644 429 1719 Duumviris
463 1643 537 1716 illis
571 1642 620 1715 de
645 1644 774 1716 medio
799 1645 976 1739 sublatis,
1016 1646 1071 1720 de
1095 1668 1236 1745 recupe-

106 1764 228 1839 randa
260 1764 436 1836 libertate
471 1786 551 1835 nou
586 1760 829 1856 desperantes
856 1763 1059 1839 coiverunt
1083 1764 1234 1861 nihilque

106 1883 180 1956 sibi
205 1883 255 1957 ad
280 1882 570 1982 opprimendam
596 1874 901 1953 Triumvirorum
933 1890 1163 1979 potestatem
1187 1904 1235 1955 re·

105 1999 201 2101 liqui
224 1999 408 2076 lecerunt.
460 1998 573 2072 Facta
597 1997 697 2070 illins
723 1996 851 2071 classis
868 1999 1079 2095 divisione,
1107 1999 1234 2074 Cassim

105 2118 322 2193 Parmensis
357 2142 444 2191 cum
470 2115 517 2188 L.
544 2112 666 2188 Statio
691 2114 824 2189 Mance
858 2112 1028 2192 Siciliam
1059 2119 1170 2219 petiit
1189 2116 1235 2193 vi·

106 2258 246 2335 resque
272 2235 417 2309 addidit
442 2232 566 2309 Sexto
591 2229 796 2333 Pompeio,
823 2234 886 2306 cui
909 2235 1013 2309 baud
1039 2236 1233 2310 dubiema-

104 2354 162 2455 gis
187 2351 410 2446 confideret,
437 2377 554 2451 quam
580 2353 649 2428 Cn.
668 2351 835 2426 Domitio
854 2352 1135 2449 Ahenobarbo,
1159 2379 1234 2455 pro·

104 2473 229 2572 priam
268 2470 471 2547 factionem
512 2469 816 2565 constihrenti³³).
885 2470 968 2547 Hoc
1000 2480 1130 2548 actrnn
1166 2494 1234 2548 esse

106 2668 272 2677 ...βψω-υ·
276 2668 318 2674 ι---

191 2784 245 2850 32)
272 2776 398 2838 Brutum
426 2789 456 2838 et
485 2777 619 2839 Cassium
650 2774 729 2837 Urbe
758 2778 919 2838 excessisse
948 2781 1007 2852 jam
1028 2798 1131 2839 mense
1150 2774 1235 2855 Apuli

104 2861 200 2923 medio
222 2875 251 2923 et
272 2862 385 2924 ltaliam
405 2864 560 2938 reliquisse
581 2865 662 2921 initio
676 2861 854 2938 Septembris
876 2884 903 2924 a.
918 2860 957 2923 U.
975 2860 1011 2923 C.
1027 2870 1105 2926 710.
1128 2863 1235 2924 ostendit

104 2946 142 3008 G.
166 2947 350 3009 Drumannus
379 2952 409 3008 in
439 2949 505 3008 libr.
537 2945 705 3008 Cescbicbts
731 2947 824 3009 Rome
851 2953 885 3007 in
915 2951 1022 3008 scincus
1055 2949 1235 3026 Uebergmge

102 3053 159 3092 con
186 3032 242 3093 der
269 3032 542 3109 republiluarlscben
570 3056 628 3095 zur
654 3031 892 3094 asoaarcbismsn
922 3033 1120 3117 Verfasstmg
1136 3056 1234 3097 mas.

103 3115 187 3177 Tom.
201 3117 228 3178 l.
251 3140 280 3194 p.
301 3124 373 3180 134.
397 3131 426 3177 et
447 3141 477 3193 p.
495 3126 567 3180 143.
584 3141 629 3194 sq.

188 3209 243 3275 33)
268 3205 323 3263 Ca.
345 3203 495 3263 Domitius
514 3201 747 3277 Ahenobarbus,
770 3214 886 3264 auctore
908 3201 1049 3265 Suetonio
1069 3203 1141 3265 Ner.
1161 3227 1187 3267 c.
1201 3212 1235 3279 2.,

100 3289 176 3347 inter
196 3292 325 3349 conscios
348 3287 534 3348 Caesarianae
556 3294 842 3367 necis,quarnqua1n
864 3292 979 3364 insons,
1007 3290 1160 3351 damnatus
1181 3292 1235 3366 lega

101 3369 192 3432 Pedia
221 3394 253 3433 se
287 3376 407 3434 corrtulit
435 3373 471 3433 ad
501 3372 633 3434 Cassium
661 3387 689 3434 et
718 3373 860 3450 Brutum,
891 3396 906 3434 a
929 3377 1032 3450 quibus
1055 3378 1143 3436 classi
1163 3396 1235 3451 prae·

100 3457 193 3518 factm
220 3479 300 3520 rnare
327 3459 440 3520 lonium
469 3462 559 3518 tenuit
587 3461 726 3535 variaque
754 3459 834 3519 clade
864 3458 1044 3520 Triumviros
1066 3462 1187 3521 alllixit:
1210 3480 1234 3519 r.

100 3540 161 3602 Dio
192 3540 275 3605 Cass.
304 3544 389 3603 Libr.
414 3541 565 3603 XLVlll.
593 3566 618 3604 c.
643 3553 674 3607 7.
704 3546 774 3619 ibiq.
803 3544 961 3605 Fabricius.
988 3581 1028 3593 -
1068 3544 1112 3607 Ia.
1133 3547 1237 3606 suasu

99 3627 231 3690 Murcus
252 3634 296 3704 (r.
315 3627 461 3690 Ciceronis
482 3626 609 3705 Philipp.
621 3629 679 3690 Xl.
697 3650 722 3689 c.
738 3633 805 3702 12.)
823 3650 860 3689 ex
875 3642 1007 3706 praetura
1022 3652 1049 3690 a.
1067 3630 1106 3692 U.
1123 3630 1235 3692 (3.109.

100 3714 137 3774 ab
158 3713 239 3776 Julio
260 3712 384 3775 Caesare
404 3717 564 3775 obtinuerat
595 3713 713 3793 Syriam
741 3737 793 3789 pro
816 3714 947 3776 Consule
968 3720 1134 3793 missamque
1152 3719 1236 3777 frent

100 3811 195 3860 contra
218 3798 376 3860 Caecilium
397 3799 542 3876 Bassum,
574 3803 624 3876 qui
646 3803 721 3860 circa
742 3802 814 3860 balli
836 3801 968 3862 Africani
989 3813 1106 3879 ternpus
1127 3801 1238 3881 Syrien

100 3887 221 3944 consilio
251 3888 362 3961 privato
390 3907 528 3960 occupare
556 3906 644 3946 arrsns
670 3897 750 3962 erat,
784 3897 900 3946 anctore
929 3888 1028 3948 Dione
1051 3886 1137 3949 Cass.
1159 3888 1236 3947 Libr.

98 3968 234 4031 XLVll.
258 3993 285 4032 c.
305 3978 357 4032 76.
375 3992 419 4047 sq.
463 3969 618 4031 Interfecto
639 3969 720 4031 lulio
742 3968 866 4032 Caesare
894 3993 958 4031 cum
980 3974 1047 4033 aliis
1071 3971 1237 4050 Capitalia·

98 4059 182 4129 petiit
202 4076 291 4132 seque
313 4058 466 4132 conjuratis
495 4057 641 4130 adjunxit,
673 4068 705 4115 ut
734 4058 801 4116 facti
824 4061 966 4133 particeps
987 4059 1073 4119 illius
1094 4061 1239 4132 munau

98 4142 261 4202 videretnrr
290 4164 318 4202 v.
345 4139 440 4217 lntpp.
469 4142 505 4201 ad
534 4141 625 4201 Dion.
657 4139 741 4201 Cass.
771 4139 855 4202 Libr.
880 4141 1001 4205 XLIV.
1024 4165 1050 4204 c.
1073 4153 1126 4207 21.
1148 4142 1184 4205 T.
1199 4139 1238 4205 V.

97 4246 127 4300 ρ.
148 4233 223 4288 422.
239 4224 317 4288 Stra.
372 4225 446 4286 Cum
467 4225 595 4286 Domitio
616 4225 811 4286 Ahenobarbo
833 4232 1016 4303 conjunctus,
1045 4230 1155 4291 devicit
1174 4229 1240 4289 mari

97 4308 259 4370 Domitium
291 4312 444 4374 Calvinum
471 4316 558 4389 primi
586 4313 690 4388 proelii
723 4308 916 4387 Philippensis
946 4315 1010 4374 dies
1037 4336 1070 4375 v.
1092 4315 1241 4393 Appiam

96 4394 135 4455 de
155 4394 194 4455 B.
212 4392 278 4456 Cir.
301 4395 384 4458 Libr.
400 4396 459 4461 lv.
481 4420 507 4458 c.
528 4404 599 4461 113.
615 4418 679 4474 sqq.
723 4395 846 4473 Utrique
866 4409 1017 4474 postquam
1031 4396 1154 4462 Cassius
1175 4398 1241 4460 Par·

95 4481 205 4540 mensis
226 4499 307 4541 mam
328 4484 452 4543 classem
473 4483 659 4558 adiunxerat,
682 4483 828 4544 Domitius
848 4487 1029 4561 propriarum
1047 4485 1243 4561 partiendas

94 4564 192 4627 terrm
219 4574 284 4641 est,
321 4568 412 4628 dortec
431 4569 467 4627 ab
493 4568 598 4630 Asinio
620 4566 752 4628 Pollione
773 4590 839 4629 cum
858 4568 906 4632 M.
924 4568 1057 4631 Antonio
1078 4572 1243 4633 mdis-

94 4660 195 4728 retur,
227 4658 301 4711 teste
330 4649 451 4728 Valleje
479 4651 590 4715 Patere.
621 4652 707 4716 Libr.
724 4653 765 4715 ll.
793 4674 821 4714 c.
836 4660 890 4717 76.
912 4659 941 4730 9.
955 4664 1008 4735 2.;
1033 4652 1160 4719 Marcus
1181 4676 1243 4719 cn

93 4732 199 4800 Cassio
224 4730 374 4797 Parmensi
401 4737 438 4797 ad
465 4735 550 4802 Sext.
576 4736 748 4817 Pompeium
775 4743 907 4820 transiit,
940 4762 959 4802 a
985 4762 1046 4819 qne
1073 4742 1243 4821 paduam
