<?xml version="1.0" encoding="UTF-8"?>
<!DOCTYPE html PUBLIC "-//W3C//DTD XHTML 1.0 Transitional//EN"
    "http://www.w3.org/TR/xhtml1/DTD/xhtml1-transitional.dtd">
<html xmlns="http://www.w3.org/1999/xhtml" xml:lang="en" lang="en">
 <head>
  <title>
</title>
<meta http-equiv="Content-Type" content="text/html;charset=utf-8" />
  <meta name='ocr-system' content='tesseract 3.04.00' />
  <meta name='ocr-capabilities' content='ocr_page ocr_carea ocr_par ocr_line ocrx_word'/>
</head>
<body>
  <div class='ocr_page' id='page_1' title='image "./deluciivariietc00weicgoog_0070.png"; bbox 0 0 2670 5294; ppageno 0'>
   <div class='ocr_carea' id='block_1_1' title="bbox 147 718 934 803">
    <p class='ocr_par' dir='ltr' id='par_1_1' title="bbox 147 718 934 803">
     <span class='ocr_line' id='line_1_1' title="bbox 147 718 934 803; baseline -0.008 0"><span class='ocrx_word' id='word_1_1' title='bbox 147 726 199 803; x_wconf 84' lang='lat'><strong>48</strong></span> <span class='ocrx_word' id='word_1_2' title='bbox 395 718 399 733; x_wconf 87' lang='lat'>&#39;</span> <span class='ocrx_word' id='word_1_3' title='bbox 502 746 552 797; x_wconf 79' lang='lat' dir='ltr'><strong>nn</strong></span> <span class='ocrx_word' id='word_1_4' title='bbox 579 747 617 797; x_wconf 78' lang='lat' dir='ltr'><strong>s.</strong></span> <span class='ocrx_word' id='word_1_5' title='bbox 635 745 761 798; x_wconf 75' lang='lat' dir='ltr'><strong>vrato</strong></span> <span class='ocrx_word' id='word_1_6' title='bbox 788 745 934 797; x_wconf 71' lang='lat' dir='ltr'><strong>sarrs.</strong></span> 
     </span>
    </p>
   </div>
   <div class='ocr_carea' id='block_1_2' title="bbox 146 907 1284 1131">
    <p class='ocr_par' dir='ltr' id='par_1_2' title="bbox 146 907 1284 1131">
     <span class='ocr_line' id='line_1_2' title="bbox 148 907 1283 1014; baseline -0.005 -24"><span class='ocrx_word' id='word_1_7' title='bbox 148 926 225 1014; x_wconf 90' lang='lat' dir='ltr'><strong>qno</strong></span> <span class='ocrx_word' id='word_1_8' title='bbox 248 914 335 989; x_wconf 92' lang='lat' dir='ltr'><strong>loco</strong></span> <span class='ocrx_word' id='word_1_9' title='bbox 361 909 476 987; x_wconf 87' lang='lat' dir='ltr'><strong>simul</strong></span> <span class='ocrx_word' id='word_1_10' title='bbox 499 910 641 986; x_wconf 86' lang='lat' dir='ltr'><strong>blando</strong></span> <span class='ocrx_word' id='word_1_11' title='bbox 665 916 849 985; x_wconf 74' lang='lat' dir='ltr'><strong>testabim</strong></span> <span class='ocrx_word' id='word_1_12' title='bbox 873 907 986 1002; x_wconf 82' lang='lat' dir='ltr'><strong>facit,</strong></span> <span class='ocrx_word' id='word_1_13' title='bbox 1019 908 1156 1008; x_wconf 70' lang='lat' dir='ltr'><strong>pronti</strong></span> <span class='ocrx_word' id='word_1_14' title='bbox 1179 909 1283 984; x_wconf 86' lang='lat' dir='ltr'><strong>aesti-</strong></span> 
     </span>
     <span class='ocr_line' id='line_1_3' title="bbox 146 1026 1284 1131; baseline -0.004 -24"><span class='ocrx_word' id='word_1_15' title='bbox 146 1040 226 1108; x_wconf 91' lang='lat' dir='ltr'><strong>met</strong></span> <span class='ocrx_word' id='word_1_16' title='bbox 239 1032 399 1107; x_wconf 88' lang='lat' dir='ltr'><strong>Varium</strong></span> <span class='ocrx_word' id='word_1_17' title='bbox 421 1032 608 1124; x_wconf 77' lang='lat' dir='ltr'><strong>amiam,</strong></span> <span class='ocrx_word' id='word_1_18' title='bbox 636 1026 743 1131; x_wconf 83' lang='lat' dir='ltr'><strong>cujus</strong></span> <span class='ocrx_word' id='word_1_19' title='bbox 768 1029 1009 1128; x_wconf 88' lang='lat' dir='ltr'><strong>potissimum</strong></span> <span class='ocrx_word' id='word_1_20' title='bbox 1022 1029 1284 1105; x_wconf 68' lang='lat' dir='ltr'><strong>intercessione</strong></span> 
     </span>
    </p>
   </div>
   <div class='ocr_carea' id='block_1_3' title="bbox 18 1148 1286 1257">
    <p class='ocr_par' dir='ltr' id='par_1_3' title="bbox 18 1148 1286 1257">
     <span class='ocr_line' id='line_1_4' title="bbox 18 1148 1286 1257; baseline -0.004 -29"><span class='ocrx_word' id='word_1_21' title='bbox 18 1178 25 1193; x_wconf 53' lang='lat'>⁸</span> <span class='ocrx_word' id='word_1_22' title='bbox 148 1159 189 1227; x_wconf 89' lang='lat' dir='ltr'><strong>et</strong></span> <span class='ocrx_word' id='word_1_23' title='bbox 211 1176 328 1251; x_wconf 89' lang='lat' dir='ltr'><strong>opera</strong></span> <span class='ocrx_word' id='word_1_24' title='bbox 352 1149 495 1225; x_wconf 86' lang='lat' dir='ltr'><strong>factum</strong></span> <span class='ocrx_word' id='word_1_25' title='bbox 519 1157 620 1243; x_wconf 89' lang='lat' dir='ltr'><strong>erat,</strong></span> <span class='ocrx_word' id='word_1_26' title='bbox 645 1157 690 1222; x_wconf 92' lang='lat' dir='ltr'><strong>ut</strong></span> <span class='ocrx_word' id='word_1_27' title='bbox 714 1170 781 1242; x_wconf 89' lang='lat' dir='ltr'><strong>ea,</strong></span> <span class='ocrx_word' id='word_1_28' title='bbox 815 1149 877 1224; x_wconf 90' lang='lat' dir='ltr'><strong>oui</strong></span> <span class='ocrx_word' id='word_1_29' title='bbox 900 1149 1168 1257; x_wconf 85' lang='lat' dir='ltr'><strong>invidebatur,</strong></span> <span class='ocrx_word' id='word_1_30' title='bbox 1192 1148 1286 1226; x_wconf 79' lang='lat' dir='ltr'><strong>sitae</strong></span> 
     </span>
    </p>
   </div>
   <div class='ocr_carea' id='block_1_4' title="bbox 147 1268 1322 4824">
    <p class='ocr_par' dir='ltr' id='par_1_4' title="bbox 147 1268 666 1374">
     <span class='ocr_line' id='line_1_5' title="bbox 147 1268 666 1374; baseline -0.008 -27"><span class='ocrx_word' id='word_1_31' title='bbox 147 1271 312 1348; x_wconf 92' lang='lat' dir='ltr'><strong>conditio</strong></span> <span class='ocrx_word' id='word_1_32' title='bbox 337 1268 412 1369; x_wconf 86' lang='lat' dir='ltr'><strong>ipsi</strong></span> <span class='ocrx_word' id='word_1_33' title='bbox 433 1269 666 1374; x_wconf 76' lang='lat' dir='ltr'><strong>obtingeret.</strong></span> 
     </span>
    </p>

    <p class='ocr_par' dir='ltr' id='par_1_5' title="bbox 147 1386 1322 3515">
     <span class='ocr_line' id='line_1_6' title="bbox 250 1386 1286 1487; baseline 0 -25"><span class='ocrx_word' id='word_1_34' title='bbox 250 1388 444 1486; x_wconf 73' lang='lat' dir='ltr'><strong>Quidquid</strong></span> <span class='ocrx_word' id='word_1_35' title='bbox 468 1388 538 1462; x_wconf 92' lang='lat' dir='ltr'><strong>otii</strong></span> <span class='ocrx_word' id='word_1_36' title='bbox 551 1387 710 1462; x_wconf 86' lang='lat' dir='ltr'><strong>Horatio</strong></span> <span class='ocrx_word' id='word_1_37' title='bbox 729 1389 975 1487; x_wconf 81' lang='lat' dir='ltr'><strong>suppetebat,</strong></span> <span class='ocrx_word' id='word_1_38' title='bbox 1000 1386 1042 1461; x_wconf 93' lang='lat' dir='ltr'><strong>id</strong></span> <span class='ocrx_word' id='word_1_39' title='bbox 1059 1387 1286 1463; x_wconf 84' lang='lat' dir='ltr'><strong>excolendae</strong></span> 
     </span>
     <span class='ocr_line' id='line_1_7' title="bbox 148 1507 1287 1608; baseline -0.004 -23"><span class='ocrx_word' id='word_1_40' title='bbox 148 1509 220 1585; x_wconf 82' lang='lat' dir='ltr'><strong>arti</strong></span> <span class='ocrx_word' id='word_1_41' title='bbox 254 1508 427 1608; x_wconf 78' lang='lat' dir='ltr'><strong>poeticae</strong></span> <span class='ocrx_word' id='word_1_42' title='bbox 461 1507 662 1605; x_wconf 83' lang='lat' dir='ltr'><strong>impendit.</strong></span> <span class='ocrx_word' id='word_1_43' title='bbox 730 1507 854 1583; x_wconf 87' lang='lat' dir='ltr'><strong>Pauca</strong></span> <span class='ocrx_word' id='word_1_44' title='bbox 889 1507 1040 1606; x_wconf 92' lang='lat' dir='ltr'><strong>scripsit</strong></span> <span class='ocrx_word' id='word_1_45' title='bbox 1072 1514 1113 1581; x_wconf 92' lang='lat' dir='ltr'><strong>et</strong></span> <span class='ocrx_word' id='word_1_46' title='bbox 1149 1528 1287 1581; x_wconf 78' lang='lat' dir='ltr'><strong>ssnnmt</strong></span> 
     </span>
     <span class='ocr_line' id='line_1_8' title="bbox 150 1625 1288 1724; baseline -0.004 -20"><span class='ocrx_word' id='word_1_47' title='bbox 150 1654 238 1705; x_wconf 90' lang='lat' dir='ltr'><strong>cnm</strong></span> <span class='ocrx_word' id='word_1_48' title='bbox 264 1650 375 1717; x_wconf 82' lang='lat' dir='ltr'><strong>oura3</strong></span> <span class='ocrx_word' id='word_1_49' title='bbox 416 1626 540 1699; x_wconf 88' lang='lat' dir='ltr'><strong>multa</strong></span> <span class='ocrx_word' id='word_1_50' title='bbox 564 1650 588 1701; x_wconf 89' lang='lat' dir='ltr'><strong>e</strong></span> <span class='ocrx_word' id='word_1_51' title='bbox 613 1625 769 1702; x_wconf 87' lang='lat' dir='ltr'><strong>Graecis</strong></span> <span class='ocrx_word' id='word_1_52' title='bbox 796 1627 1005 1703; x_wconf 82' lang='lat' dir='ltr'><strong>convertit:</strong></span> <span class='ocrx_word' id='word_1_53' title='bbox 1038 1626 1081 1699; x_wconf 95' lang='lat' dir='ltr'><strong>id</strong></span> <span class='ocrx_word' id='word_1_54' title='bbox 1105 1627 1214 1724; x_wconf 82' lang='lat' dir='ltr'><strong>qaod</strong></span> <span class='ocrx_word' id='word_1_55' title='bbox 1235 1625 1288 1699; x_wconf 88' lang='lat' dir='ltr'><strong>in·</strong></span> 
     </span>
     <span class='ocr_line' id='line_1_9' title="bbox 147 1745 1288 1848; baseline -0.004 -25"><span class='ocrx_word' id='word_1_56' title='bbox 147 1747 283 1848; x_wconf 84' lang='lat' dir='ltr'><strong>primis</strong></span> <span class='ocrx_word' id='word_1_57' title='bbox 301 1746 453 1837; x_wconf 66' lang='lat' dir='ltr'><strong>,danim</strong></span> <span class='ocrx_word' id='word_1_58' title='bbox 477 1746 568 1821; x_wconf 86' lang='lat' dir='ltr'><strong>volo</strong></span> <span class='ocrx_word' id='word_1_59' title='bbox 593 1745 642 1820; x_wconf 92' lang='lat' dir='ltr'><strong>de</strong></span> <span class='ocrx_word' id='word_1_60' title='bbox 668 1746 920 1841; x_wconf 82' lang='lat' dir='ltr'><strong>carminibus,</strong></span> <span class='ocrx_word' id='word_1_61' title='bbox 955 1746 997 1819; x_wconf 93' lang='lat' dir='ltr'><strong>in</strong></span> <span class='ocrx_word' id='word_1_62' title='bbox 1021 1745 1164 1843; x_wconf 86' lang='lat' dir='ltr'><strong>quibus</strong></span> <span class='ocrx_word' id='word_1_63' title='bbox 1190 1768 1288 1819; x_wconf 77' lang='lat' dir='ltr'><strong>amo</strong></span> 
     </span>
     <span class='ocr_line' id='line_1_10' title="bbox 147 1863 1289 1964; baseline -0.004 -21"><span class='ocrx_word' id='word_1_64' title='bbox 147 1891 213 1943; x_wconf 86' lang='lat' dir='ltr'><strong>res</strong></span> <span class='ocrx_word' id='word_1_65' title='bbox 244 1866 492 1942; x_wconf 71' lang='lat' dir='ltr'><strong>celebrantur.</strong></span> <span class='ocrx_word' id='word_1_66' title='bbox 553 1864 731 1940; x_wconf 77' lang='lat' dir='ltr'><strong>Perrexit</strong></span> <span class='ocrx_word' id='word_1_67' title='bbox 754 1868 985 1963; x_wconf 86' lang='lat' dir='ltr'><strong>componere</strong></span> <span class='ocrx_word' id='word_1_68' title='bbox 1013 1864 1185 1957; x_wconf 87' lang='lat' dir='ltr'><strong>iambos,</strong></span> <span class='ocrx_word' id='word_1_69' title='bbox 1212 1863 1289 1964; x_wconf 73' lang='lat' dir='ltr'><strong>qni</strong></span> 
     </span>
     <span class='ocr_line' id='line_1_11' title="bbox 148 1982 1290 2084; baseline -0.002 -23"><span class='ocrx_word' id='word_1_70' title='bbox 148 1987 241 2080; x_wconf 89' lang='lat' dir='ltr'><strong>bus,</strong></span> <span class='ocrx_word' id='word_1_71' title='bbox 266 1984 520 2060; x_wconf 84' lang='lat' dir='ltr'><strong>Archilochici</strong></span> <span class='ocrx_word' id='word_1_72' title='bbox 543 1982 644 2058; x_wconf 87' lang='lat' dir='ltr'><strong>fellis</strong></span> <span class='ocrx_word' id='word_1_73' title='bbox 668 1984 813 2083; x_wconf 87' lang='lat' dir='ltr'><strong>plenis,</strong></span> <span class='ocrx_word' id='word_1_74' title='bbox 839 2008 910 2084; x_wconf 92' lang='lat' dir='ltr'><strong>per</strong></span> <span class='ocrx_word' id='word_1_75' title='bbox 933 1984 1030 2057; x_wconf 90' lang='lat' dir='ltr'><strong>illud</strong></span> <span class='ocrx_word' id='word_1_76' title='bbox 1054 1990 1208 2082; x_wconf 88' lang='lat' dir='ltr'><strong>tempus</strong></span> <span class='ocrx_word' id='word_1_77' title='bbox 1229 2006 1290 2059; x_wconf 80' lang='lat' dir='ltr'><strong>ve·</strong></span> 
     </span>
     <span class='ocr_line' id='line_1_12' title="bbox 149 2103 1289 2205; baseline -0.003 -26"><span class='ocrx_word' id='word_1_78' title='bbox 149 2106 310 2181; x_wconf 84' lang='lat' dir='ltr'><strong>noiicam</strong></span> <span class='ocrx_word' id='word_1_79' title='bbox 334 2105 538 2202; x_wconf 82' lang='lat' dir='ltr'><strong>quamdam</strong></span> <span class='ocrx_word' id='word_1_80' title='bbox 562 2103 787 2198; x_wconf 87' lang='lat' dir='ltr'><strong>mulierem,</strong></span> <span class='ocrx_word' id='word_1_81' title='bbox 825 2103 1039 2196; x_wconf 76' lang='lat' dir='ltr'><strong>Canidiam,</strong></span> <span class='ocrx_word' id='word_1_82' title='bbox 1074 2103 1289 2205; x_wconf 74' lang='lat' dir='ltr'><strong>exagitavit.</strong></span> 
     </span>
     <span class='ocr_line' id='line_1_13' title="bbox 149 2216 1291 2321; baseline -0.004 -22"><span class='ocrx_word' id='word_1_83' title='bbox 149 2224 350 2299; x_wconf 85' lang='lat' dir='ltr'><strong>Maecenas</strong></span> <span class='ocrx_word' id='word_1_84' title='bbox 372 2223 488 2318; x_wconf 86' lang='lat' dir='ltr'><strong>enim</strong></span> <span class='ocrx_word' id='word_1_85' title='bbox 512 2224 555 2296; x_wconf 93' lang='lat' dir='ltr'><strong>in</strong></span> <span class='ocrx_word' id='word_1_86' title='bbox 586 2231 719 2297; x_wconf 88' lang='lat' dir='ltr'><strong>monte</strong></span> <span class='ocrx_word' id='word_1_87' title='bbox 743 2216 964 2321; x_wconf 82' lang='lat' dir='ltr'><strong>Esquilino,</strong></span> <span class='ocrx_word' id='word_1_88' title='bbox 997 2246 1115 2321; x_wconf 90' lang='lat' dir='ltr'><strong>quem</strong></span> <span class='ocrx_word' id='word_1_89' title='bbox 1138 2244 1291 2321; x_wconf 88' lang='lat' dir='ltr'><strong>accepe-</strong></span> 
     </span>
     <span class='ocr_line' id='line_1_14' title="bbox 149 2339 1322 2445; baseline 0 -30"><span class='ocrx_word' id='word_1_90' title='bbox 149 2348 222 2437; x_wconf 90' lang='lat' dir='ltr'><strong>rat,</strong></span> <span class='ocrx_word' id='word_1_91' title='bbox 249 2342 364 2416; x_wconf 90' lang='lat' dir='ltr'><strong>aedes</strong></span> <span class='ocrx_word' id='word_1_92' title='bbox 381 2342 550 2415; x_wconf 90' lang='lat' dir='ltr'><strong>condidit</strong></span> <span class='ocrx_word' id='word_1_93' title='bbox 566 2350 605 2415; x_wconf 91' lang='lat' dir='ltr'><strong>et</strong></span> <span class='ocrx_word' id='word_1_94' title='bbox 619 2342 790 2417; x_wconf 69' lang='lat' dir='ltr'><strong>hornum.</strong></span> <span class='ocrx_word' id='word_1_95' title='bbox 840 2341 889 2415; x_wconf 93' lang='lat' dir='ltr'><strong>In</strong></span> <span class='ocrx_word' id='word_1_96' title='bbox 906 2366 985 2440; x_wconf 90' lang='lat' dir='ltr'><strong>qno</strong></span> <span class='ocrx_word' id='word_1_97' title='bbox 1001 2364 1090 2416; x_wconf 91' lang='lat' dir='ltr'><strong>oum</strong></span> <span class='ocrx_word' id='word_1_98' title='bbox 1104 2342 1154 2415; x_wconf 86' lang='lat' dir='ltr'><strong>ad</strong></span> <span class='ocrx_word' id='word_1_99' title='bbox 1170 2339 1291 2439; x_wconf 82' lang='lat' dir='ltr'><strong>Priapi</strong></span> <span class='ocrx_word' id='word_1_100' title='bbox 1317 2438 1322 2445; x_wconf 22' lang='grc' dir='ltr'>ι</span> 
     </span>
     <span class='ocr_line' id='line_1_15' title="bbox 151 2459 1291 2562; baseline -0.001 -26"><span class='ocrx_word' id='word_1_101' title='bbox 151 2469 317 2536; x_wconf 88' lang='lat' dir='ltr'><strong>statuam</strong></span> <span class='ocrx_word' id='word_1_102' title='bbox 342 2459 499 2535; x_wconf 81' lang='lat' dir='ltr'><strong>Canidia</strong></span> <span class='ocrx_word' id='word_1_103' title='bbox 525 2486 613 2536; x_wconf 89' lang='lat' dir='ltr'><strong>cum</strong></span> <span class='ocrx_word' id='word_1_104' title='bbox 628 2460 778 2562; x_wconf 83' lang='lat' dir='ltr'><strong>Sagana</strong></span> <span class='ocrx_word' id='word_1_105' title='bbox 802 2459 1028 2536; x_wconf 84' lang='lat' dir='ltr'><strong>veneficium</strong></span> <span class='ocrx_word' id='word_1_106' title='bbox 1046 2461 1291 2552; x_wconf 67' lang='lat' dir='ltr'><strong>exornasset,</strong></span> 
     </span>
     <span class='ocr_line' id='line_1_16' title="bbox 151 2576 1293 2682; baseline -0.003 -27"><span class='ocrx_word' id='word_1_107' title='bbox 151 2581 193 2655; x_wconf 94' lang='lat' dir='ltr'><strong>id</strong></span> <span class='ocrx_word' id='word_1_108' title='bbox 217 2578 366 2654; x_wconf 86' lang='lat' dir='ltr'><strong>Satirae</strong></span> <span class='ocrx_word' id='word_1_109' title='bbox 391 2591 552 2653; x_wconf 80' lang='lat' dir='ltr'><strong>octavae</strong></span> <span class='ocrx_word' id='word_1_110' title='bbox 575 2578 686 2653; x_wconf 89' lang='lat' dir='ltr'><strong>Libri</strong></span> <span class='ocrx_word' id='word_1_111' title='bbox 700 2580 732 2654; x_wconf 93' lang='grc' dir='ltr'><strong>Ι.</strong></span> <span class='ocrx_word' id='word_1_112' title='bbox 759 2586 1023 2682; x_wconf 76' lang='lat' dir='ltr'><strong>arginnentsnn</strong></span> <span class='ocrx_word' id='word_1_113' title='bbox 1054 2576 1185 2674; x_wconf 76' lang='lat' dir='ltr'><strong>fecit,</strong></span> <span class='ocrx_word' id='word_1_114' title='bbox 1203 2600 1293 2678; x_wconf 90' lang='lat' dir='ltr'><strong>quae</strong></span> 
     </span>
     <span class='ocr_line' id='line_1_17' title="bbox 148 2690 1293 2799; baseline -0.002 -25"><span class='ocrx_word' id='word_1_115' title='bbox 148 2725 227 2776; x_wconf 92' lang='lat' dir='ltr'><strong>non</strong></span> <span class='ocrx_word' id='word_1_116' title='bbox 251 2699 375 2773; x_wconf 89' lang='lat' dir='ltr'><strong>multo</strong></span> <span class='ocrx_word' id='word_1_117' title='bbox 400 2706 487 2799; x_wconf 90' lang='lat' dir='ltr'><strong>post</strong></span> <span class='ocrx_word' id='word_1_118' title='bbox 510 2724 653 2773; x_wconf 91' lang='lat' dir='ltr'><strong>nonam</strong></span> <span class='ocrx_word' id='word_1_119' title='bbox 671 2699 813 2798; x_wconf 87' lang='lat' dir='ltr'><strong>scripto</strong></span> <span class='ocrx_word' id='word_1_120' title='bbox 839 2722 922 2774; x_wconf 88' lang='lat' dir='ltr'><strong>esse</strong></span> <span class='ocrx_word' id='word_1_121' title='bbox 946 2700 1111 2775; x_wconf 79' lang='lat' dir='ltr'><strong>videtun</strong></span> <span class='ocrx_word' id='word_1_122' title='bbox 1165 2690 1293 2772; x_wconf 76' lang='lat' dir='ltr'><strong>Ser-ian</strong></span> 
     </span>
     <span class='ocr_line' id='line_1_18' title="bbox 150 2818 1294 2896; baseline -0.002 -3"><span class='ocrx_word' id='word_1_123' title='bbox 150 2827 281 2896; x_wconf 89' lang='lat' dir='ltr'><strong>autem</strong></span> <span class='ocrx_word' id='word_1_124' title='bbox 299 2827 482 2894; x_wconf 84' lang='lat' dir='ltr'><strong>exaratae</strong></span> <span class='ocrx_word' id='word_1_125' title='bbox 506 2827 594 2892; x_wconf 88' lang='lat' dir='ltr'><strong>sunt</strong></span> <span class='ocrx_word' id='word_1_126' title='bbox 619 2818 653 2892; x_wconf 92' lang='lat' dir='ltr'><strong>si</strong></span> <span class='ocrx_word' id='word_1_127' title='bbox 670 2843 748 2892; x_wconf 92' lang='lat' dir='ltr'><strong>non</strong></span> <span class='ocrx_word' id='word_1_128' title='bbox 767 2843 899 2893; x_wconf 89' lang='lat' dir='ltr'><strong>omnes</strong></span> <span class='ocrx_word' id='word_1_129' title='bbox 916 2819 957 2891; x_wconf 89' lang='lat' dir='ltr'><strong>in</strong></span> <span class='ocrx_word' id='word_1_130' title='bbox 970 2818 1081 2892; x_wconf 89' lang='lat' dir='ltr'><strong>istam</strong></span> <span class='ocrx_word' id='word_1_131' title='bbox 1095 2818 1294 2892; x_wconf 74' lang='lat' dir='ltr'><strong>msdierem</strong></span> 
     </span>
     <span class='ocr_line' id='line_1_19' title="bbox 151 2933 1294 3038; baseline -0.001 -27"><span class='ocrx_word' id='word_1_132' title='bbox 151 2936 296 3038; x_wconf 88' lang='lat' dir='ltr'><strong>Epodi,</strong></span> <span class='ocrx_word' id='word_1_133' title='bbox 346 2947 451 3012; x_wconf 83' lang='lat' dir='ltr'><strong>certe</strong></span> <span class='ocrx_word' id='word_1_134' title='bbox 482 2937 636 3036; x_wconf 87' lang='lat' dir='ltr'><strong>Epodos</strong></span> <span class='ocrx_word' id='word_1_135' title='bbox 665 2935 789 3010; x_wconf 84' lang='lat' dir='ltr'><strong>XVll.</strong></span> <span class='ocrx_word' id='word_1_136' title='bbox 801 2989 813 3030; x_wconf 92' lang='lat'><strong>,</strong></span> <span class='ocrx_word' id='word_1_137' title='bbox 857 2938 899 3011; x_wconf 93' lang='lat' dir='ltr'><strong>in</strong></span> <span class='ocrx_word' id='word_1_138' title='bbox 942 2933 1049 3037; x_wconf 83' lang='lat' dir='ltr'><strong>cujus</strong></span> <span class='ocrx_word' id='word_1_139' title='bbox 1089 2962 1209 3014; x_wconf 85' lang='lat' dir='ltr'><strong>versu</strong></span> <span class='ocrx_word' id='word_1_140' title='bbox 1234 2934 1294 3011; x_wconf 76' lang='grc'><strong>56.</strong></span> 
     </span>
     <span class='ocr_line' id='line_1_20' title="bbox 150 3054 1295 3156; baseline -0.001 -25"><span class='ocrx_word' id='word_1_141' title='bbox 150 3080 214 3131; x_wconf 91' lang='lat' dir='ltr'><strong>res</strong></span> <span class='ocrx_word' id='word_1_142' title='bbox 234 3054 435 3153; x_wconf 89' lang='lat' dir='ltr'><strong>respicitur</strong></span> <span class='ocrx_word' id='word_1_143' title='bbox 460 3055 547 3148; x_wconf 89' lang='lat' dir='ltr'><strong>illa,</strong></span> <span class='ocrx_word' id='word_1_144' title='bbox 574 3057 623 3129; x_wconf 93' lang='lat' dir='ltr'><strong>de</strong></span> <span class='ocrx_word' id='word_1_145' title='bbox 649 3080 725 3151; x_wconf 87' lang='lat' dir='ltr'><strong>qna</strong></span> <span class='ocrx_word' id='word_1_146' title='bbox 744 3055 910 3130; x_wconf 86' lang='lat' dir='ltr'><strong>Satiram</strong></span> <span class='ocrx_word' id='word_1_147' title='bbox 927 3064 1101 3132; x_wconf 87' lang='lat' dir='ltr'><strong>octavam</strong></span> <span class='ocrx_word' id='word_1_148' title='bbox 1116 3056 1295 3156; x_wconf 85' lang='lat' dir='ltr'><strong>scriptam</strong></span> 
     </span>
     <span class='ocr_line' id='line_1_21' title="bbox 151 3169 1297 3273; baseline 0 -25"><span class='ocrx_word' id='word_1_149' title='bbox 151 3197 236 3248; x_wconf 89' lang='lat' dir='ltr'><strong>esse</strong></span> <span class='ocrx_word' id='word_1_150' title='bbox 262 3172 443 3246; x_wconf 83' lang='lat' dir='ltr'><strong>diximus.</strong></span> <span class='ocrx_word' id='word_1_151' title='bbox 493 3172 598 3247; x_wconf 84' lang='lat' dir='ltr'><strong>Haec</strong></span> <span class='ocrx_word' id='word_1_152' title='bbox 621 3169 946 3273; x_wconf 71' lang='lat' dir='ltr'><strong>igitsn&#39;carmma,</strong></span> <span class='ocrx_word' id='word_1_153' title='bbox 972 3175 1014 3248; x_wconf 91' lang='lat' dir='ltr'><strong>in</strong></span> <span class='ocrx_word' id='word_1_154' title='bbox 1032 3175 1170 3273; x_wconf 89' lang='lat' dir='ltr'><strong>quibus</strong></span> <span class='ocrx_word' id='word_1_155' title='bbox 1185 3194 1297 3249; x_wconf 87' lang='lat' dir='ltr'><strong>omno</strong></span> 
     </span>
     <span class='ocr_line' id='line_1_22' title="bbox 152 3290 1297 3395; baseline 0 -28"><span class='ocrx_word' id='word_1_156' title='bbox 152 3290 368 3379; x_wconf 82' lang='lat' dir='ltr'><strong>acerbitatis</strong></span> <span class='ocrx_word' id='word_1_157' title='bbox 399 3291 505 3368; x_wconf 86' lang='lat' dir='ltr'><strong>virus</strong></span> <span class='ocrx_word' id='word_1_158' title='bbox 537 3301 779 3388; x_wconf 83' lang='lat' dir='ltr'><strong>evomuerat,</strong></span> <span class='ocrx_word' id='word_1_159' title='bbox 822 3319 893 3395; x_wconf 90' lang='lat' dir='ltr'><strong>per</strong></span> <span class='ocrx_word' id='word_1_160' title='bbox 927 3318 1047 3369; x_wconf 74' lang='lat' dir='ltr'><strong>amics</strong></span> <span class='ocrx_word' id='word_1_161' title='bbox 1072 3294 1118 3366; x_wconf 92' lang='lat' dir='ltr'><strong>U.</strong></span> <span class='ocrx_word' id='word_1_162' title='bbox 1143 3293 1188 3367; x_wconf 87' lang='lat' dir='ltr'><strong>G.</strong></span> <span class='ocrx_word' id='word_1_163' title='bbox 1207 3292 1297 3368; x_wconf 73' lang='lat'><strong>710.</strong></span> 
     </span>
     <span class='ocr_line' id='line_1_23' title="bbox 152 3411 1212 3515; baseline 0.003 -30"><span class='ocrx_word' id='word_1_164' title='bbox 152 3417 193 3485; x_wconf 90' lang='lat' dir='ltr'><strong>et</strong></span> <span class='ocrx_word' id='word_1_165' title='bbox 217 3413 307 3486; x_wconf 80' lang='lat'><strong>720.</strong></span> <span class='ocrx_word' id='word_1_166' title='bbox 333 3411 473 3510; x_wconf 85' lang='lat' dir='ltr'><strong>scripta</strong></span> <span class='ocrx_word' id='word_1_167' title='bbox 498 3411 678 3488; x_wconf 80' lang='lat' dir='ltr'><strong>videntur</strong></span> <span class='ocrx_word' id='word_1_168' title='bbox 702 3421 743 3488; x_wconf 93' lang='lat' dir='ltr'><strong>et</strong></span> <span class='ocrx_word' id='word_1_169' title='bbox 767 3415 984 3515; x_wconf 88' lang='lat' dir='ltr'><strong>singulatim</strong></span> <span class='ocrx_word' id='word_1_170' title='bbox 1008 3413 1212 3513; x_wconf 72' lang='lat' dir='ltr'><strong>pidrlicata.</strong></span> 
     </span>
    </p>

    <p class='ocr_par' dir='ltr' id='par_1_6' title="bbox 151 3530 1300 4824">
     <span class='ocr_line' id='line_1_24' title="bbox 228 3530 1298 3608; baseline 0.003 -4"><span class='ocrx_word' id='word_1_171' title='bbox 228 3530 332 3604; x_wconf 86' lang='lat' dir='ltr'><strong>Haec</strong></span> <span class='ocrx_word' id='word_1_172' title='bbox 358 3532 542 3606; x_wconf 77' lang='lat' dir='ltr'><strong>acerbitas</strong></span> <span class='ocrx_word' id='word_1_173' title='bbox 577 3534 790 3608; x_wconf 89' lang='lat' dir='ltr'><strong>carminum</strong></span> <span class='ocrx_word' id='word_1_174' title='bbox 822 3541 861 3608; x_wconf 92' lang='lat' dir='ltr'><strong>et</strong></span> <span class='ocrx_word' id='word_1_175' title='bbox 887 3542 994 3608; x_wconf 87' lang='lat' dir='ltr'><strong>aucta</strong></span> <span class='ocrx_word' id='word_1_176' title='bbox 1017 3534 1058 3605; x_wconf 92' lang='lat' dir='ltr'><strong>in</strong></span> <span class='ocrx_word' id='word_1_177' title='bbox 1085 3532 1168 3607; x_wconf 89' lang='lat' dir='ltr'><strong>dies</strong></span> <span class='ocrx_word' id='word_1_178' title='bbox 1193 3532 1298 3607; x_wconf 81' lang='lat' dir='ltr'><strong>diae-</strong></span> 
     </span>
     <span class='ocr_line' id='line_1_25' title="bbox 153 3648 1299 3750; baseline 0 -25"><span class='ocrx_word' id='word_1_179' title='bbox 153 3648 295 3725; x_wconf 87' lang='lat' dir='ltr'><strong>oenatis</strong></span> <span class='ocrx_word' id='word_1_180' title='bbox 320 3650 438 3750; x_wconf 90' lang='lat' dir='ltr'><strong>gratia</strong></span> <span class='ocrx_word' id='word_1_181' title='bbox 469 3676 549 3726; x_wconf 92' lang='lat' dir='ltr'><strong>non</strong></span> <span class='ocrx_word' id='word_1_182' title='bbox 582 3660 755 3750; x_wconf 92' lang='lat' dir='ltr'><strong>poterant</strong></span> <span class='ocrx_word' id='word_1_183' title='bbox 790 3654 885 3750; x_wconf 86' lang='lat' dir='ltr'><strong>quin</strong></span> <span class='ocrx_word' id='word_1_184' title='bbox 909 3654 1116 3727; x_wconf 86' lang='lat' dir='ltr'><strong>multorum</strong></span> <span class='ocrx_word' id='word_1_185' title='bbox 1141 3652 1181 3727; x_wconf 89' lang='lat' dir='ltr'><strong>ei</strong></span> <span class='ocrx_word' id='word_1_186' title='bbox 1206 3676 1299 3727; x_wconf 91' lang='lat' dir='ltr'><strong>con·</strong></span> 
     </span>
     <span class='ocr_line' id='line_1_26' title="bbox 151 3767 1299 3873; baseline 0.003 -31"><span class='ocrx_word' id='word_1_187' title='bbox 151 3767 289 3842; x_wconf 88' lang='lat' dir='ltr'><strong>flarent</strong></span> <span class='ocrx_word' id='word_1_188' title='bbox 313 3769 619 3845; x_wconf 85' lang='lat' dir='ltr'><strong>malevolentiam</strong></span> <span class='ocrx_word' id='word_1_189' title='bbox 652 3770 727 3868; x_wconf 90' lang='lat' dir='ltr'><strong>ipsi</strong></span> <span class='ocrx_word' id='word_1_190' title='bbox 751 3773 936 3846; x_wconf 84' lang='lat' dir='ltr'><strong>natalimn</strong></span> <span class='ocrx_word' id='word_1_191' title='bbox 960 3771 1239 3873; x_wconf 81' lang='lat' dir='ltr'><strong>ignobilitatem</strong></span> <span class='ocrx_word' id='word_1_192' title='bbox 1262 3775 1299 3845; x_wconf 84' lang='lat' dir='ltr'><strong>et</strong></span> 
     </span>
     <span class='ocr_line' id='line_1_27' title="bbox 152 3881 1299 3992; baseline 0.002 -29"><span class='ocrx_word' id='word_1_193' title='bbox 152 3888 402 3963; x_wconf 87' lang='lat' dir='ltr'><strong>ambitionem</strong></span> <span class='ocrx_word' id='word_1_194' title='bbox 427 3889 756 3988; x_wconf 88' lang='lat' dir='ltr'><strong>exprobrantium.</strong></span> <span class='ocrx_word' id='word_1_195' title='bbox 813 3881 1042 3992; x_wconf 73' lang='lat' dir='ltr'><strong>Huiusmodi</strong></span> <span class='ocrx_word' id='word_1_196' title='bbox 1066 3889 1299 3965; x_wconf 88' lang='lat' dir='ltr'><strong>criminatio·</strong></span> 
     </span>
     <span class='ocr_line' id='line_1_28' title="bbox 152 4006 1298 4107; baseline 0.001 -25"><span class='ocrx_word' id='word_1_197' title='bbox 152 4031 223 4082; x_wconf 87' lang='lat' dir='ltr'><strong>nes</strong></span> <span class='ocrx_word' id='word_1_198' title='bbox 265 4015 540 4107; x_wconf 81' lang='lat' dir='ltr'><strong>permovenmt</strong></span> <span class='ocrx_word' id='word_1_199' title='bbox 583 4031 693 4102; x_wconf 91' lang='lat' dir='ltr'><strong>eum,</strong></span> <span class='ocrx_word' id='word_1_200' title='bbox 733 4017 776 4083; x_wconf 91' lang='lat' dir='ltr'><strong>ut</strong></span> <span class='ocrx_word' id='word_1_201' title='bbox 809 4007 932 4084; x_wconf 88' lang='lat' dir='ltr'><strong>Satira</strong></span> <span class='ocrx_word' id='word_1_202' title='bbox 964 4008 1073 4083; x_wconf 82' lang='lat' dir='ltr'><strong>Libri</strong></span> <span class='ocrx_word' id='word_1_203' title='bbox 1095 4006 1128 4085; x_wconf 89' lang='lat'><strong>1.</strong></span> <span class='ocrx_word' id='word_1_204' title='bbox 1171 4020 1298 4102; x_wconf 73' lang='lat' dir='ltr'><strong>secto,</strong></span> 
     </span>
     <span class='ocr_line' id='line_1_29' title="bbox 153 4125 1298 4226; baseline 0 -25"><span class='ocrx_word' id='word_1_205' title='bbox 153 4150 269 4225; x_wconf 87' lang='lat' dir='ltr'><strong>quam</strong></span> <span class='ocrx_word' id='word_1_206' title='bbox 303 4150 404 4201; x_wconf 92' lang='lat' dir='ltr'><strong>anno</strong></span> <span class='ocrx_word' id='word_1_207' title='bbox 437 4125 484 4201; x_wconf 90' lang='lat' dir='ltr'><strong>U.</strong></span> <span class='ocrx_word' id='word_1_208' title='bbox 506 4125 550 4201; x_wconf 85' lang='lat' dir='ltr'><strong>C.</strong></span> <span class='ocrx_word' id='word_1_209' title='bbox 577 4130 666 4212; x_wconf 86' lang='lat'><strong>721.</strong></span> <span class='ocrx_word' id='word_1_210' title='bbox 708 4128 862 4204; x_wconf 87' lang='lat' dir='ltr'><strong>incunte</strong></span> <span class='ocrx_word' id='word_1_211' title='bbox 905 4127 1101 4226; x_wconf 77' lang='lat' dir='ltr'><strong>scripsisse</strong></span> <span class='ocrx_word' id='word_1_212' title='bbox 1134 4127 1298 4221; x_wconf 71' lang='lat' dir='ltr'><strong>videtin,</strong></span> 
     </span>
     <span class='ocr_line' id='line_1_30' title="bbox 154 4243 1300 4345; baseline 0.001 -27"><span class='ocrx_word' id='word_1_213' title='bbox 154 4243 258 4319; x_wconf 89' lang='lat' dir='ltr'><strong>haud</strong></span> <span class='ocrx_word' id='word_1_214' title='bbox 295 4245 434 4319; x_wconf 81' lang='lat' dir='ltr'><strong>minori</strong></span> <span class='ocrx_word' id='word_1_215' title='bbox 469 4248 635 4322; x_wconf 87' lang='lat' dir='ltr'><strong>candore</strong></span> <span class='ocrx_word' id='word_1_216' title='bbox 670 4272 786 4345; x_wconf 88' lang='lat' dir='ltr'><strong>quam</strong></span> <span class='ocrx_word' id='word_1_217' title='bbox 810 4248 1025 4322; x_wconf 89' lang='lat' dir='ltr'><strong>urbanitate</strong></span> <span class='ocrx_word' id='word_1_218' title='bbox 1048 4270 1128 4320; x_wconf 90' lang='lat' dir='ltr'><strong>non</strong></span> <span class='ocrx_word' id='word_1_219' title='bbox 1153 4254 1300 4320; x_wconf 75' lang='lat' dir='ltr'><strong>tantm</strong></span> 
     </span>
     <span class='ocr_line' id='line_1_31' title="bbox 157 4363 1298 4467; baseline 0.004 -32"><span class='ocrx_word' id='word_1_220' title='bbox 157 4384 266 4439; x_wconf 90' lang='lat' dir='ltr'><strong>suam</strong></span> <span class='ocrx_word' id='word_1_221' title='bbox 289 4363 407 4461; x_wconf 85' lang='lat' dir='ltr'><strong>ipsius</strong></span> <span class='ocrx_word' id='word_1_222' title='bbox 432 4364 549 4439; x_wconf 83' lang='lat' dir='ltr'><strong>vitam</strong></span> <span class='ocrx_word' id='word_1_223' title='bbox 571 4392 776 4465; x_wconf 88' lang='lat' dir='ltr'><strong>moresque</strong></span> <span class='ocrx_word' id='word_1_224' title='bbox 800 4368 1055 4467; x_wconf 86' lang='lat' dir='ltr'><strong>exprimeret,</strong></span> <span class='ocrx_word' id='word_1_225' title='bbox 1082 4365 1298 4456; x_wconf 83' lang='lat' dir='ltr'><strong>sedetiam,</strong></span> 
     </span>
     <span class='ocr_line' id='line_1_32' title="bbox 156 4479 1300 4586; baseline 0.003 -34"><span class='ocrx_word' id='word_1_226' title='bbox 156 4479 225 4577; x_wconf 87' lang='lat' dir='ltr'><strong>qui</strong></span> <span class='ocrx_word' id='word_1_227' title='bbox 257 4487 357 4555; x_wconf 89' lang='lat' dir='ltr'><strong>esset</strong></span> <span class='ocrx_word' id='word_1_228' title='bbox 381 4480 609 4559; x_wconf 88' lang='lat' dir='ltr'><strong>Maecenatis</strong></span> <span class='ocrx_word' id='word_1_229' title='bbox 641 4485 683 4558; x_wconf 92' lang='lat' dir='ltr'><strong>in</strong></span> <span class='ocrx_word' id='word_1_230' title='bbox 716 4486 899 4586; x_wconf 87' lang='lat' dir='ltr'><strong>eligendis</strong></span> <span class='ocrx_word' id='word_1_231' title='bbox 932 4485 1063 4560; x_wconf 71' lang='lat' dir='ltr'><strong>enticis</strong></span> <span class='ocrx_word' id='word_1_232' title='bbox 1087 4484 1239 4559; x_wconf 71' lang='lat' dir='ltr'><strong>enimin</strong></span> <span class='ocrx_word' id='word_1_233' title='bbox 1262 4488 1300 4558; x_wconf 88' lang='lat' dir='ltr'><strong>ot</strong></span> 
     </span>
     <span class='ocr_line' id='line_1_33' title="bbox 157 4597 1298 4703; baseline 0.005 -33"><span class='ocrx_word' id='word_1_234' title='bbox 157 4597 314 4691; x_wconf 87' lang='lat' dir='ltr'><strong>modus,</strong></span> <span class='ocrx_word' id='word_1_235' title='bbox 357 4622 444 4674; x_wconf 92' lang='lat' dir='ltr'><strong>cum</strong></span> <span class='ocrx_word' id='word_1_236' title='bbox 479 4626 626 4678; x_wconf 89' lang='lat' dir='ltr'><strong>summa</strong></span> <span class='ocrx_word' id='word_1_237' title='bbox 655 4605 808 4702; x_wconf 89' lang='lat' dir='ltr'><strong>patroni</strong></span> <span class='ocrx_word' id='word_1_238' title='bbox 842 4605 902 4678; x_wconf 93' lang='lat' dir='ltr'><strong>sui</strong></span> <span class='ocrx_word' id='word_1_239' title='bbox 935 4606 1048 4679; x_wconf 89' lang='lat' dir='ltr'><strong>laude</strong></span> <span class='ocrx_word' id='word_1_240' title='bbox 1073 4610 1298 4703; x_wconf 77' lang='lat' dir='ltr'><strong>exponeret.</strong></span> 
     </span>
     <span class='ocr_line' id='line_1_34' title="bbox 158 4713 1299 4824; baseline 0.011 -36"><span class='ocrx_word' id='word_1_241' title='bbox 158 4713 206 4789; x_wconf 92' lang='lat' dir='ltr'><strong>In</strong></span> <span class='ocrx_word' id='word_1_242' title='bbox 230 4715 305 4792; x_wconf 92' lang='lat' dir='ltr'><strong>hoc</strong></span> <span class='ocrx_word' id='word_1_243' title='bbox 329 4719 482 4819; x_wconf 87' lang='lat' dir='ltr'><strong>egregio</strong></span> <span class='ocrx_word' id='word_1_244' title='bbox 508 4724 693 4818; x_wconf 87' lang='lat' dir='ltr'><strong>carmine,</strong></span> <span class='ocrx_word' id='word_1_245' title='bbox 732 4725 835 4824; x_wconf 89' lang='lat' dir='ltr'><strong>quod</strong></span> <span class='ocrx_word' id='word_1_246' title='bbox 859 4726 1028 4823; x_wconf 87' lang='lat' dir='ltr'><strong>prudens</strong></span> <span class='ocrx_word' id='word_1_247' title='bbox 1053 4722 1128 4822; x_wconf 89' lang='lat' dir='ltr'><strong>ipsi</strong></span> <span class='ocrx_word' id='word_1_248' title='bbox 1152 4722 1299 4799; x_wconf 86' lang='lat' dir='ltr'><strong>Maece·</strong></span> 
     </span>
    </p>
   </div>
   <div class='ocr_carea' id='block_1_5' title="bbox 159 4834 1300 4944">
    <p class='ocr_par' dir='ltr' id='par_1_7' title="bbox 159 4834 1300 4944">
     <span class='ocr_line' id='line_1_35' title="bbox 159 4834 1300 4944; baseline 0.009 -35"><span class='ocrx_word' id='word_1_249' title='bbox 159 4834 238 4910; x_wconf 80' lang='lat' dir='ltr'><strong>nati</strong></span> <span class='ocrx_word' id='word_1_250' title='bbox 269 4835 484 4939; x_wconf 86' lang='lat' dir='ltr'><strong>inscripsit,</strong></span> <span class='ocrx_word' id='word_1_251' title='bbox 525 4844 644 4918; x_wconf 85' lang='lat' dir='ltr'><strong>veluti</strong></span> <span class='ocrx_word' id='word_1_252' title='bbox 675 4843 717 4919; x_wconf 88' lang='lat' dir='ltr'><strong>in</strong></span> <span class='ocrx_word' id='word_1_253' title='bbox 750 4844 879 4920; x_wconf 77' lang='lat' dir='ltr'><strong>unua</strong></span> <span class='ocrx_word' id='word_1_254' title='bbox 912 4844 1101 4944; x_wconf 80' lang='lat' dir='ltr'><strong>depictam</strong></span> <span class='ocrx_word' id='word_1_255' title='bbox 1123 4843 1300 4919; x_wconf 79' lang='lat' dir='ltr'><strong>videbant</strong></span> 
     </span>
    </p>
   </div>
   <div class='ocr_carea' id='block_1_6' title="bbox 0 58 1355 5284">
    <p class='ocr_par' dir='ltr' id='par_1_8' title="bbox 0 58 1355 5284">
     <span class='ocr_line' id='line_1_36' title="bbox 0 58 1355 5284; baseline 0 0"><span class='ocrx_word' id='word_1_256' title='bbox 0 58 1355 5284; x_wconf 95' lang='lat' dir='ltr'><strong> </strong></span> 
     </span>
    </p>
   </div>
  </div>
 </body>
</html>
