2670 5294
458 293 509 344 mr
535 292 672 343 cussro
701 292 922 347 rasurum.
1194 278 1272 351 287

125 454 454 560 garten-(inuios
493 470 533 531 et
573 455 790 547 Paldamus3
842 462 883 532 at
916 480 988 559 ego
1020 482 1178 556 vereor,
1220 487 1271 538 nc

123 577 197 651 hac
218 575 368 650 ratione
393 598 553 650 acumen
573 575 665 649 dicti
681 576 895 666 minuatim,
921 583 960 651 et
973 577 1161 675 potiorem
1179 604 1270 656 cen·

123 720 191 771 sco
241 693 431 769 mtioncm
473 693 629 768 Graevii
675 694 903 794 explicantis
951 696 1268 773 reomatiscbnum.

121 814 221 889 Nam
263 837 352 887 cum
392 811 578 886 Antonius
617 812 794 906 dixisset,
843 837 1029 912 proavum
1074 814 1269 892 Octaviani

119 941 342 1007 maternum
383 930 500 1005 fuisso
542 931 627 1005 Afri
670 933 818 1033 generis
855 941 895 1006 et
927 932 1085 1030 posthac
1119 935 1269 1010 Ariciae

119 1054 312 1127 advenam
346 1050 564 1125 exercuisse
596 1053 711 1125 modo
744 1052 1033 1150 unguentariam
1058 1055 1268 1150 tabernam,

120 1172 241 1245 modo
265 1169 486 1268 pistrinnm3
512 1176 617 1267 patet
643 1164 725 1267 ejus
748 1167 886 1261 filium,
914 1167 1115 1245 Octaviani
1140 1197 1266 1268 annum,

118 1290 239 1363 fuisse
271 1288 454 1386 piatorem
489 1287 651 1361 crndrun
683 1288 721 1360 h.
748 1310 783 1361 a.
809 1295 1024 1380 recentem,
1060 1292 1171 1388 utqui
1195 1318 1268 1365 nu·

117 1432 195 1507 per
220 1408 376 1481 demumr
407 1405 558 1481 Ariciae
591 1406 759 1503 coeperit
789 1405 996 1503 pistrinmn
1021 1431 1204 1483 exercere
1230 1418 1268 1485 et

118 1525 232 1626 operi
266 1525 423 1624 pistorio
456 1526 617 1601 vixdum
653 1526 831 1597 adsuetus
858 1525 917 1597 sit.
968 1522 1055 1598 Jam
1082 1527 1266 1603 Graevius

118 1645 281 1721 contulit
321 1667 374 1718 ox
408 1642 533 1718 Taciti
565 1645 701 1718 Amral.
737 1641 844 1715 Libr.
869 1642 901 1715 I.
937 1667 970 1717 c.
995 1646 1032 1718 8.
1067 1645 1267 1719 cervianum

118 1765 310 1855 mrum,
345 1763 407 1836 cui
440 1761 601 1836 llomani
642 1762 811 1836 norulum
837 1762 980 1836 adsueti
1006 1771 1128 1836 crant.
1189 1765 1267 1837 Ad·

117 1885 234 1957 datur
259 1906 313 1955 ex
338 1879 452 1955 Statii
477 1880 602 1954 Theb.
628 1880 736 1954 Libr.
753 1880 802 1953 ll.
827 1905 867 1955 v.
885 1882 993 1955 alu:
1019 1884 1101 1974 „Et
1126 1881 1165 1956 si
1176 1911 1265 1958 cru-

120 2003 199 2075 dus
231 2024 368 2090 amor,
409 2001 576 2072 necdum
606 2011 695 2099 post
719 2000 918 2102 fletrnmeu
954 2001 1029 2073 toti
1056 2003 1265 2100 Intcpucrc

118 2118 252 2210 tori,“
276 2120 302 2193 i.
320 2143 355 2193 e.
381 2142 490 2191 amor
514 2142 669 2210 recens,
700 2117 945 2209 immutamus,
978 2120 1142 2191 necdum
1167 2127 1265 2193 tem·

119 2239 224 2337 poris
257 2237 533 2337 longinquitate
565 2236 748 2308 firmatus.
814 2234 878 2308 Ex
912 2232 1084 2333 ejusdem
1126 2238 1264 2313 Achill.

119 2356 228 2430 Libr.
246 2356 277 2430 l.
302 2381 342 2431 v.
359 2358 447 2429 477.
479 2356 633 2449 „ceci-us
668 2354 717 2425 ub
745 2363 836 2426 ortu
873 2353 1005 2428 Cruda
1038 2353 1264 2430 madimcntu

120 2488 158 2549 et
196 2488 349 2549 teneros
379 2476 621 2571 finnaverat
654 2496 783 2544 unicos
818 2472 1081 2547 Centaurus.“
1131 2473 1264 2549 Petro·

119 2593 340 2687 niusSatyr.
362 2616 396 2667 c.
414 2592 474 2666 az
501 2590 691 2685 „Deinde
710 2616 830 2689 patum
846 2590 903 2662 od
919 2603 1012 2663 vota
1026 2606 1262 2690 propemut,

118 2714 245 2787 cruda
279 2711 412 2784 adare
443 2709 580 2785 eludia
612 2707 658 2783 in
678 2710 827 2807 samm
856 2711 1135 2808 propert-nntr‘
1167 2713 1262 2811 ibiq.

115 2831 326 2906 Burmann.
351 2827 439 2903 Vol.
458 2826 490 2901 l.
516 2852 555 2925 p.
575 2829 638 2901 24.
691 2828 840 2901 Cassius
862 2827 1094 2923 Parmensis,
1122 2832 1263 2929 quippo

109 2958 254 3051 poeta,
289 2948 517 3046 exquisitius
543 2946 712 3045 scripsit,
737 2946 930 3044 poeticum
954 2949 1132 3021 vocabuli
1157 2951 1262 3027 istius

110 3092 232 3143 usum
273 3074 444 3159 secutus,
487 3071 528 3139 et
567 3065 621 3139 sio
660 3064 843 3140 novitium
885 3089 1003 3165 genus
1044 3077 1261 3143 maternum

108 3178 316 3262 Octauiani
341 3208 429 3259 cum
453 3183 595 3282 probro
622 3182 855 3283 significavit.
872 3222 923 3239 -
948 3184 1054 3257 llanc
1065 3186 1260 3281 suricum

106 3307 137 3381 i.
167 3328 204 3379 e.
232 3304 416 3401 puellam,
458 3303 609 3402 pistoris
635 3300 771 3394 filiam,
809 3302 850 3374 iu
875 3302 1160 3375 matrimonium
1187 3308 1259 3379 dn-

111 3432 221 3499 ctam
231 3420 381 3519 finxit:
409 3444 526 3520 quam
550 3420 753 3495 lectionem
778 3420 898 3494 Codd.
924 3420 1132 3494 multorum
1155 3426 1259 3497 testi-

108 3539 248 3615 monio
263 3538 452 3614 limatam
467 3539 711 3614 Casanbonus
728 3539 840 3612 Tom.
857 3537 926 3610 IlI.
952 3565 991 3637 p.
1010 3540 1098 3613 237.
1116 3538 1175 3613 W.
1194 3566 1260 3616 oo-

109 3660 224 3759 piosa
256 3658 444 3757 docteque
478 3656 647 3733 defendit
679 3681 823 3755 suaque
866 3659 1086 3732 auctoritate
1122 3656 1259 3754 effecit,

109 3800 203 3853 eam
234 3783 279 3850 ut
306 3801 441 3851 omnes
466 3775 641 3851 Editores
672 3777 1004 3875 amplecterentur.
1065 3776 1258 3855 Casanbo-

110 3918 189 3969 nus
223 3893 322 3969 hanc
355 3895 392 3969 oi
426 3890 588 3993 subjecit
622 3896 867 3969 sententiam:
910 3918 1003 3970 amus
1045 3895 1256 3995 Octaviani,

111 4012 184 4113 qui
216 4018 317 4087 asset
348 4013 584 4087 mnmdarius
617 4008 910 4112 abjectissimus,
954 4040 1003 4089 ex
1042 4040 1088 4091 ca
1121 4016 1256 4116 larino,

110 4154 232 4230 quam
262 4136 471 4229 sumpserat
504 4133 552 4206 da
586 4130 731 4230 pistore
764 4132 936 4227 Aricino,
974 4132 1088 4209 finxit
1113 4146 1152 4211 ct
1177 4140 1259 4215 l'or-

108 4250 231 4327 mavit
247 4256 441 4349 tamquam
457 4250 612 4348 aliquod
631 4252 857 4327 ‹ludciarium
878 4277 995 4353 opus,
1012 4256 1052 4330 b.
1072 4280 1107 4331 c.
1128 4260 1257 4355 gennit

107 4376 264 4470 patrem
288 4366 502 4445 Octavium.
554 4368 627 4445 Cui
651 4371 808 4471 quidem
837 4371 1142 4475 interpretationi
1167 4398 1257 4475 per·
