2670 5294
502 279 706 335 excussus
732 280 794 331 ur.
1142 259 1216 335 325

89 441 646 547 lom-IV.p·71ll.sq.,quibus
660 440 1053 538 assentiuntWolffius,
1066 443 1217 521 Geelins

89 588 115 639 n
139 563 320 640 Bilrlioth.
346 562 436 639 Grit
463 560 558 638 Nov.
584 560 673 637 Vol.
690 562 760 636 ΠΙ.
786 589 825 660 p.
844 564 933 639 280.
959 570 998 638 et
1023 562 1216 638 Gemhar-

89 681 158 775 lus,
171 682 348 759 iivoreor
363 689 406 754 ut
420 680 510 755 satis
523 688 769 779 perspectrun
786 679 990 754 habuerint
1005 682 1215 776 eonsilium,

89 802 180 896 prod
205 800 384 876 Horatius
408 806 488 873 tota
502 796 575 873 hae
599 800 640 870 in
659 797 785 873 Satira
811 808 1049 895 sequeretur.
1091 800 1216 897 Quam

89 916 319 1019 lpaldingins
339 916 537 1015 proposuit
549 916 623 991 loci
640 915 834 992 Horationi
849 916 1215 1015 interpretationem,

89 1036 260 1111 ubtiliter
285 1036 480 1113 defensam
504 1058 528 1109 a
551 1033 614 1109 Fr.
644 1036 690 1109 A.
717 1034 856 1111 Wolfio
882 1036 922 1109 in
945 1037 1055 1109 Anal.
1081 1037 1214 1110 Litter.

89 1151 108 1224 l
107 1155 163 1228 ol.
188 1154 220 1228 I.
252 1179 291 1254 p.
319 1152 405 1229 185.
431 1177 537 1251 sqq„
579 1159 707 1228 tuetur
739 1153 832 1229 alter
864 1155 1003 1231 Poetae
1032 1155 1214 1230 Verursini

89 1296 180 1349 ecus
206 1270 534 1348 Sat10.v.50.2

123 1422 188 1499 Ar
210 1422 303 1499 dulci
315 1424 452 1527 flucre
471 1421 577 1497 huno
600 1422 858 1516 lutulentum,
884 1450 1002 1527 saepo
1014 1425 1217 1524 fircnlcm

124 1544 251 1618 Plura
275 1541 432 1643 paridem
455 1542 628 1616 tollenda
652 1541 938 1643 relinquendia3

89 1706 188 1812 cujus
223 1710 432 1803 sententia,
474 1709 624 1809 dempta
658 1712 843 1811 imagine,
878 1712 973 1789 haec
998 1720 1076 1788 esta
1101 1709 1217 1785 Luci-

89 1827 171 1903 lium
197 1831 280 1905 dixi
305 1828 499 1927 scripsisse
525 1831 769 1905 tumrdtnario
794 1832 892 1927 stylo
909 1832 1049 1926 multa,
1075 1832 1116 1903 in
1133 1831 1239 1929 qui-.

89 1943 150 2022 bus
171 1951 282 2048 plura
305 1949 454 2041 iusimt,
490 1971 588 2045 quae
613 1949 766 2039 tollere,
800 1949 839 2025 h.
867 1975 902 2025 e.
935 1951 1021 2026 loco
1046 1972 1216 2041 movere,

92 2082 297 2168 expungere
313 2066 422 2161 volis,
448 2090 565 2163 quam
582 2090 680 2165 quac
701 2065 929 2167 relirspuero,
954 2067 981 2141 i.
997 2092 1032 2141 e.
1050 2092 1216 2161 servare,

93 2184 241 2274 probare
254 2185 390 2285 possis.
428 2184 571 2283 Quodsi
586 2185 837 2260 Buttmannus
850 2187 1055 2279 contendit,
1073 2186 1217 2286 gravis·

92 2294 217 2379 ulmum
232 2328 323 2378 suae
339 2302 658 2401 interpretationis
684 2312 921 2378 momentum
943 2304 1058 2378 sitsun
1077 2327 1160 2379 esse
1176 2303 1218 2377 in

89 2407 161 2511 lpsa
193 2422 368 2524 imaginis
395 2421 572 2517 veritate,
606 2422 758 2499 videtur
793 2422 853 2500 vir
877 2423 1113 2498 doctissimus
1138 2447 1215 2496 non

89 2536 169 2616 'fiiis
185 2539 492 2617 animadvertisse
508 2539 588 2617 vim
603 2535 690 2640 Adj.
711 2542 947 2633 illudentes,
974 2541 1078 2640 quod
1092 2537 1217 2614 differt

89 2666 159 2733 lv.
175 2663 341 2753 lutosus,
368 2665 411 2733 ut
435 2658 596 2757 pulchre
622 2658 750 2734 docuit
773 2658 821 2734 L.
838 2660 1044 2736 Diiderlein
1068 2659 1108 2732 in
1133 2658 1218 2733 La-

89 2768 172 2853 21’21.
203 2776 437 2879 llprnmymd⁴
468 2778 513 2852 P.
540 2776 591 2850 Il.
624 2802 663 2876 p.
689 2780 751 2851 51.
785 2780 833 2854 de
866 2780 939 2854 hoc
962 2778 1048 2878 ipso
1071 2777 1220 2852 Horatii

89 2904 166 2975 l¹³0
190 2900 419 2989 observans,
455 2921 494 2972 v.
520 2897 656 2970 tollore
686 2898 874 2995 probandi
906 2897 1115 2999 significatu
1139 2922 1218 2970 non

90 3024 191 3094 Osse
215 3016 408 3092 conciliari
434 3039 521 3091 cum
549 3038 587 3089 v.
620 3017 701 3108 12„
735 3016 803 3090 ubi
835 3016 1004 3092 Lucilius
1031 3017 1220 3112 garrulus

89 3132 207 3241 udin
240 3148 279 3211 et
311 3132 427 3235 piger
458 3131 654 3209 scribendi
674 3135 792 3231 ferre
828 3136 1013 3210 lectorem.
1082 3134 1218 3209 Recta!

89 3254 255 3331 cratim
288 3254 392 3329 enim
425 3251 466 3327 h.
492 3251 520 3326 l.
555 3252 713 3327 minime
740 3253 780 3326 id
806 3254 900 3353 egit,
941 3261 983 3326 ut
1008 3252 1219 3351 ‹pridquam

89 3380 104 3431 ¹
145 3372 281 3451 Lucilii
304 3373 460 3447 laudem
483 3370 642 3445 diceret.
693 3373 819 3463 Quum
839 3369 1077 3445 lleindorlins
1100 3370 1219 3443 verba

89 3472 145 3567 ¹11
176 3490 379 3567 transfert:
419 3514 566 3583 „roman
606 3513 649 3563 cr
678 3486 909 3585 sclalcnnmig
947 3488 1071 3561 daher
1096 3488 1219 3592 floss,

89 3616 165 3685 ’ter
177 3606 431 3702 sumserat,
456 3632 541 3682 was
556 3632 654 3681 mun
669 3609 965 3704 wcgzuriiumcn
981 3602 1219 3697 wiirnoltte,“

89 3720 114 3793 t
149 3729 365 3823 oxomum,
408 3728 611 3803 tribuenda
644 3750 683 3802 v.
709 3728 844 3800 tollere
877 3723 1122 3825 expungeudi
1146 3749 1219 3799 no·

89 3828 184 3926 lone
208 3848 283 3924 toti
306 3846 437 3922 versui
460 3846 676 3939 ramoloytm
693 3842 870 3945 frigidam
894 3842 1038 3936 mlerri,
1065 3868 1143 3917 non
1160 3838 1220 3918 vi·

89 3952 152 4065 lit,
196 3965 424 4067 pertineam
457 3992 545 4041 marn
575 3966 615 4040 h.
651 3967 678 4040 1.
711 3984 795 4039 esse
831 3962 1061 4055 casusalem,
1105 3985 1221 4061 quam

89 4072 233 4179 limini,
258 4093 300 4161 et
323 4085 465 4162 Poetae
489 4092 657 4161 mentem
682 4106 768 4159 esse
790 4082 908 4157 harre:
935 4105 1022 4157 cum
1039 4078 1219 4174 Lucilius,

89 4222 113 4283 n
149 4204 252 4283 hora
283 4228 398 4307 saepe
432 4204 613 4279 ducentos
645 4225 777 4279 versus
811 4200 977 4297 dictans,
1014 4197 1219 4272 lutulentus

89 4314 236 4423 lucret,
260 4321 407 4403 lactum
431 4328 512 4421 est,
546 4322 655 4399 utin
681 4314 762 4425 ejus
787 4318 923 4396 Satiris
948 4324 1095 4409 essent,
1121 4327 1218 4409 qum

1053 4516 1227 4680 r*
