2670 5294
501 284 708 341 excursus
731 287 782 357 u.
1139 261 1217 337 319

66 460 200 531 nalem
227 450 395 529 Nonium
419 450 548 545 illum,
581 450 750 552 Angusto
779 448 1066 541 amicissinunn,
1102 474 1218 525 nemo

65 574 145 649 crit
177 572 273 672 quin
307 569 492 669 intelligat
524 594 639 667 quam
674 568 841 643 multum
875 568 968 644 lucia
1001 570 1091 643 inde
1119 569 1220 643 acci·

65 692 149 791 piat
175 690 358 790 epistolae
382 683 497 787 hujus
522 688 745 763 scribendae
770 687 992 782 corniliamr,
1032 696 1069 761 et
1095 716 1216 787 quan

67 818 153 885 tam
177 810 317 885 lrabeat
347 814 474 883 totum
498 806 574 882 hoc
599 829 752 881 carmen
779 807 869 881 artis
894 830 938 881 ac
965 811 1217 904 praestantiae

67 929 338 1005 accesuonem.
390 926 493 1025 Quul
526 925 631 999 enim
655 926 833 1000 blandius
857 950 941 1001 csse
965 934 1117 1025 poterat
1140 928 1217 1001 Au·

67 1056 180 1149 gusto
204 1070 320 1145 quam
345 1045 497 1145 publica
521 1044 616 1119 haec
640 1044 754 1119 sardii
779 1068 824 1119 ac
848 1045 999 1143 pietatis
1025 1045 1065 1117 in
1090 1046 1216 1143 ipstnn

70 1159 322 1267 significatio?
355 1164 449 1263 quid
481 1162 622 1239 Poetae
654 1164 770 1238 etiam
798 1163 1017 1258 honestius,
1052 1167 1120 1261 qui
1143 1167 1217 1241 hac

73 1284 229 1361 ratione
253 1306 497 1381 nequaquam
521 1306 564 1357 se
590 1279 774 1382 abjiceret
813 1283 862 1355 ad
896 1290 1047 1379 turpem
1074 1285 1220 1359 l’rinci-

48 1386 133 1505 ¹pis
165 1396 450 1477 adulationem?
492 1408 532 1475 et
565 1402 730 1499 (lenique
764 1400 855 1497 quid
887 1398 1023 1474 lortius
1061 1428 1218 1478 mos-‘ere

68 1528 225 1623 poterat
256 1520 516 1618 Torquatum,
556 1520 717 1621 Augusti
758 1520 942 1612 amicum,
984 1535 1026 1595 ut
1059 1522 1216 1597 lloratio

68 1639 247 1717 invitanti
271 1640 548 1737 obsecpieretin
573 1647 613 1714 et
638 1664 727 1713 cum
747 1663 796 1713 eo
820 1639 951 1713 hilaris
967 1640 1127 1713 hilarem
1144 1666 1217 1713 no-

68 1768 175 1835 ctem
200 1752 447 1858 transigeret?

176 1878 280 1951 lleec
304 1875 442 1969 hebui,
468 1898 568 1973 quee
593 1878 640 1950 ‹le
672 1880 875 1977 Torquato
900 1878 1112 1953 Homticuo
1140 1882 1221 1955 sive

68 1996 203 2075 Nonio
220 1994 448 2095 Asprenate
472 1993 641 2069 dicerem
666 1997 715 2069 ad
741 1998 1037 2072 confirmandam
1066 1998 1215 2071 Theou.

69 2114 235 2191 llareilii
258 2110 539 2211 suspicionem,
565 2137 641 2211 qua
664 2114 759 2188 mihi
784 2118 940 2214 quidem
955 2117 1109 2191 videtur
1135 2142 1219 2191 esse

67 2234 169 2309 nihil
193 2232 340 2307 acutius
366 2231 532 2329 nihilque
557 2231 802 2329 probabilius.
855 2234 999 2333 Quodsi
1025 2235 1096 2307 huc
1122 2260 1219 2332 ‹pia-

69 2352 266 2449 licunupie
291 2346 544 2449 disputatione
567 2374 655 2424 mea
679 2348 861 2445 effecero,
894 2362 937 2425 ut
963 2354 1116 2449 nequis
1136 2380 1220 2429 ani-

68 2472 172 2573 plius
205 2470 463 2567 Interpretuur
496 2467 642 2542 Horatii
684 2480 891 2568 utrumque
934 2472 1026 2543 illud
1065 2498 1217 2546 cauneu

69 2588 120 2663 1.
146 2587 286 2663 uncio
312 2586 529 2684 Torquato,
560 2584 734 2677 Consulis
760 2588 839 2665 sive
865 2589 942 2663 lilio
968 2592 1049 2665 sive
1076 2592 1219 2690 nepoti,

70 2706 298 2805 inscriptam
322 2728 406 2779 ease
432 2704 551 2798 dicat,
585 2707 673 2778 sctis
698 2706 859 2783 uberem
883 2709 1023 2783 laboris
1053 2711 1128 2783 mei
1156 2735 1218 2784 me

71 2824 241 2901 frutetum
266 2822 482 2923 percepisse
510 2823 753 2901 existimabo.

633 3074 756 3085 .....-.—.-

451 3230 768 3309 Excessus
801 3234 850 3307 ΙΙ.

616 3438 681 3501 nit

167 3580 225 3665 T.
275 3580 586 3667 LABIENO
635 3580 977 3667 ORATORE
1028 3582 1115 3666 ΕΤ

436 3730 853 3821 HISTORICO.

179 3914 229 3988 T.
254 3914 449 3989 Labienus
456 3967 469 4008 ,
504 3920 634 3989 orator
657 3921 697 3986 et
718 3913 963 3987 historicum
989 3914 1172 4012 scriptor,
1200 3942 1222 3989 a

76 4032 121 4109 ll.
160 4032 287 4109 [labro
333 4034 380 4107 ad
417 4032 588 4107 Senecae
624 4030 803 4108 Controv.
846 4030 955 4104 Libr.
986 4034 1030 4105 V.
1066 4059 1104 4129 p.
1134 4035 1224 4109 349.

77 4152 192 4229 Tom.
217 4152 288 4225 Ill.
322 4152 384 4225 eil.
419 4150 552 4225 Elzev.
585 4158 742 4249 putetur
774 4150 891 4223 luisse
915 4173 1035 4248 nepos
1061 4152 1220 4226 Labieni

6 4334 22 4377 =
73 4272 201 4365 illius,
242 4270 310 4369 qui
346 4294 433 4344 cum
466 4269 658 4371 egregiam
693 4292 850 4367 operam
876 4266 978 4342 Julic
1004 4270 1154 4343 Genesar-i
1184 4272 1220 4340 in

6 4449 26 4495 3
72 4388 203 4467 Gallia
234 4387 504 4489 praestitisset,
547 4389 651 4464 bello
684 4396 813 4463 tamen
846 4387 1025 4465 civilia!
1053 4384 1221 4485 l’cmpeji
