2670 5294
449 261 498 309 os
527 261 663 311 osssro
685 261 903 310 runursnsr.
1191 240 1263 312 les

108 422 278 523 suspieio
304 420 353 501 G.
370 421 406 499 J.
421 420 550 497 Vossii
574 420 623 497 de
648 421 825 499 Historia.
850 421 937 499 Lat.
963 414 1072 499 Lssn.
1084 423 1117 497 1.
1144 450 1176 500 o.
1198 429 1260 501 21.

107 540 332 637 stantentis,
368 541 591 617 Tertulliani
623 542 728 617 looos
763 543 987 643 glossemate
1018 543 1260 618 librariorum

106 661 355 761 interpolatos
387 669 426 737 et
458 686 602 736 nomen
628 658 762 736 Severi
786 662 974 737 intrusum
998 687 1083 739 esse
1107 663 1260 737 Tertul-

106 782 256 855 lianeae
288 777 505 879 scriptionis
540 779 760 874 contextui,
801 808 878 880 quo
912 782 1007 856 nihil
1043 790 1100 856 est
1127 807 1259 857 oomn-

106 900 213 999 ptins
228 923 273 974 ac
289 898 521 974 mendosius.
570 899 668 974 Cum
684 900 823 975 Vossio
838 899 984 977 iaciunt
998 899 1059 977 Jo.
1076 900 1259 975 Mollerus

106 1020 148 1093 in
181 1020 477 1115 Homonymoso.
512 1044 552 1117 p.
577 1018 666 1093 407.
702 1026 743 1095 et
774 1020 1059 1119 Haveroampus
1085 1022 1134 1095 ad
1160 1021 1258 1096 Ter-

108 1137 257 1213 tulliani
281 1138 443 1237 Apolog.
469 1137 497 1210 l.
516 1160 549 1211 c.
574 1162 613 1235 p.
632 1138 696 1212 47.
748 1138 869 1214 Porro
895 1163 983 1214 oum
1003 1140 1259 1215 Tertullianus

108 1257 256 1357 primus
281 1256 331 1331 sit
354 1256 512 1329 l‘atrum
537 1255 890 1333 Ecclesiasticonmi
915 1256 1164 1353 Latinorum,
1191 1259 1258 1356 qui

108 1378 159 1451 de
185 1375 342 1451 Saturni
366 1374 494 1449 falmla
527 1400 722 1474 exponens
746 1377 961 1452 testimonio
987 1375 1105 1452 Cassii
1129 1374 1258 1478 eujus-

110 1495 200 1568 dam
232 1502 383 1590 utatur,
424 1493 611 1571 Minucius
646 1502 774 1570 autem
805 1504 845 1570 et
869 1495 1088 1571 Lactantius
1113 1498 1184 1571 toti
1210 1497 1258 1570 ab

108 1614 174 1689 illo
208 1614 419 1713 pendeant3
453 1637 640 1713 perquam
673 1614 757 1691 veri
788 1614 913 1690 simile
939 1623 1017 1711 est,
1054 1614 1257 1691 Tertullia-

108 1758 222 1827 num,
262 1733 329 1833 qui
363 1740 464 1807 esset
494 1732 536 1805 iu
569 1733 815 1833 scriptoribus
851 1732 1020 1833 profanis
1053 1735 1259 1809 admodmn

108 1861 302 1947 vorsatus,
328 1876 395 1927 sua
418 1853 549 1927 omnia
573 1877 627 1927 ex
650 1854 742 1952 ipsis
760 1852 929 1929 hausisse
946 1853 1140 1949 fontibus,
1166 1853 1205 1928 h.
1222 1877 1257 1928 e.

107 1996 163 2049 ex
198 1971 380 2071 operibus
423 1970 604 2065 Diodori,
648 1970 795 2067 Thalli,
851 1970 969 2048 Cassii
1009 1982 1049 2049 et
1089 1972 1259 2071 Nepotis,

107 2110 280 2189 sinuque
303 2090 345 2163 iu
369 2090 627 2189 prodnoendis
653 2091 809 2166 testibus
836 2100 1019 2186 aetatem,
1053 2117 1131 2191 qua
1155 2091 1259 2190 quis-

106 2232 187 2309 que
212 2234 348 2285 eorum
380 2207 560 2303 vixisset,
597 2216 796 2309 spectasse.
856 2211 967 2285 lituro
1001 2211 1130 2287 aetatis
1156 2209 1259 2284 ordi·

104 2354 202 2405 nem
225 2328 382 2428 impmre
406 2326 598 2427 negligere
623 2335 799 2428 poterant
815 2328 1004 2403 Minucius
1031 2338 1071 2405 et
1094 2328 1259 2403 Lactan-

106 2448 205 2541 tius,
246 2471 327 2522 non
363 2446 460 2521 item
503 2446 774 2522 Tertullianus.
842 2448 915 2540 Qui
958 2472 1047 2523 eum
1089 2448 1259 2523 Cassium

107 2568 247 2643 ordine
271 2590 315 2642 ao
342 2566 429 2642 loeo
455 2566 719 2665 praeposuerit
742 2564 900 2666 Nepoti,
936 2567 1012 2641 erit
1036 2567 1142 2664 quod
1167 2591 1260 2641 eon-

108 2684 305 2787 jioiamus,
330 2684 441 2759 illum
465 2692 586 2759 aetate
612 2685 729 2760 etiam
746 2686 837 2761 huic
854 2687 1115 2762 antecessisse.
1155 2686 1259 2778 Quae

109 2830 202 2881 omn
235 2804 287 2879 ita
321 2804 414 2903 siut,
457 2826 549 2881 vera
581 2803 725 2880 vidisse
750 2804 915 2879 arbitror
941 2804 989 2881 G.
1013 2803 1049 2881 J.
1070 2806 1259 2894 Vossium,
1315 2800 1319 2805 ’

108 2922 178 3023 qui
211 2920 492 2999 Tertullianum
526 2923 647 2998 Cassii
680 2924 866 3000 Heminae
900 2924 1119 2999 testimonio
1148 2946 1264 2996 usmu

107 3066 198 3119 esse
222 3043 430 3118 oonteurlit.
481 3042 531 3117 Et
554 3039 727 3140 profecto
752 3066 799 3118 ea
823 3044 866 3117 in
889 3067 934 3118 re
959 3044 1033 3118 iste
1058 3042 1262 3118 Annalium

109 3162 295 3261 seriptor,
329 3186 446 3261 quem
479 3162 642 3237 vidimus
679 3162 812 3261 putida
838 3188 927 3239 cum
955 3161 1149 3262 diligentia
1173 3183 1262 3235 ver-

108 3290 237 3357 satum
260 3294 354 3357 ‘esse
387 3282 430 3355 in
463 3280 605 3355 fabulis
638 3282 858 3377 narrandis,
903 3281 1014 3357 valde
1039 3280 1198 3353 idoneus
1223 3284 1264 3351 et

109 3400 281 3499 locuples
305 3424 390 3475 esse
406 3407 559 3500 poterat
577 3408 723 3476 errator.
774 3399 909 3497 Itaque
934 3406 1039 3473 reete
1053 3396 1137 3469 viri
1151 3394 1262 3469 Dooti

108 3528 266 3597 noemae
276 3520 407 3596 aetatis·
421 3520 517 3595 haee
523 3519 678 3595 Patrmn
686 3517 1033 3595 Eoolesiastioonun
1050 3512 1264 3590 testimonia

111 3642 163 3719 ‹le
196 3638 327 3717 Cassio
360 3638 524 3714 llemina
560 3647 789 3737 aeceperunt
826 3637 959 3736 eisque
992 3635 1035 3709 in
1059 3632 1265 3707 Annalium

110 3756 196 3861 ojus
220 3758 391 3859 reliquiis
416 3758 544 3834 loeum
569 3757 803 3853 dedenint⁴).
856 3754 907 3831 Et
927 3779 1047 3853 ‹puun
1060 3752 1150 3827 huie
1175 3776 1264 3828 sen-

111 3877 256 3955 tentiae
270 3878 442 3980 inprimis
458 3879 613 3953 obstare
623 3877 714 3953 dioit
723 3871 898 3978 Maffejns
908 3871 1098 3949 historiae
1109 3898 1264 3970 nomen,

199 4120 237 4199 4)
260 4116 494 4183 vitassemus
524 4117 677 4179 editionem
698 4112 863 4177 Frotsclieri
892 4110 965 4175 Vol.
977 4111 1003 4176 l.
1026 4136 1056 4192 p.
1071 4120 1144 4178 453.
1169 4116 1265 4191 ibique

113 4204 232 4284 lulpp,
262 4208 366 4283 quibas
397 4204 547 4283 suffragari
577 4202 717 4263 dubitavit
743 4200 889 4262 Kreusius
910 4201 934 4261 l.
951 4222 978 4260 c.
999 4224 1030 4277 p.
1050 4208 1121 4263 166.
1145 4200 1212 4261 Not.
1233 4210 1263 4259 3.

111 4296 151 4355 ols
177 4292 324 4369 adjectum
343 4290 448 4352 Severi
467 4308 642 4368 cognomeut
659 4288 739 4367 quod
759 4310 844 4367 mum
860 4296 1009 4365 suspectae
1030 4289 1068 4349 sit
1088 4287 1175 4361 fidei,
1196 4287 1266 4344 satis

112 4380 332 4441 &nortuum
351 4376 424 4439 milri
443 4376 555 4439 videor.
