<?xml version="1.0" encoding="UTF-8"?>
<!DOCTYPE html PUBLIC "-//W3C//DTD XHTML 1.0 Transitional//EN"
    "http://www.w3.org/TR/xhtml1/DTD/xhtml1-transitional.dtd">
<html xmlns="http://www.w3.org/1999/xhtml" xml:lang="en" lang="en">
 <head>
  <title>
</title>
<meta http-equiv="Content-Type" content="text/html;charset=utf-8" />
  <meta name='ocr-system' content='tesseract 3.04.00' />
  <meta name='ocr-capabilities' content='ocr_page ocr_carea ocr_par ocr_line ocrx_word'/>
</head>
<body>
  <div class='ocr_page' id='page_1' title='image "./deluciivariietc00weicgoog_0213.png"; bbox 0 0 2670 5294; ppageno 0'>
   <div class='ocr_carea' id='block_1_1' title="bbox 399 268 1196 340">
    <p class='ocr_par' dir='ltr' id='par_1_1' title="bbox 399 268 1196 340">
     <span class='ocr_line' id='line_1_1' title="bbox 399 268 1196 340; baseline 0.006 -5"><span class='ocrx_word' id='word_1_1' title='bbox 399 288 447 337; x_wconf 85' lang='lat' dir='ltr'><strong>os</strong></span> <span class='ocrx_word' id='word_1_2' title='bbox 475 285 610 336; x_wconf 86' lang='lat' dir='ltr'><strong>csssrc</strong></span> <span class='ocrx_word' id='word_1_3' title='bbox 634 286 851 339; x_wconf 81' lang='lat' dir='ltr'><strong>rsumsusr.</strong></span> <span class='ocrx_word' id='word_1_4' title='bbox 1127 268 1196 340; x_wconf 79' lang='lat' dir='ltr'><strong>llll</strong></span> 
     </span>
    </p>
   </div>
   <div class='ocr_carea' id='block_1_2' title="bbox 47 445 1308 4362">
    <p class='ocr_par' dir='ltr' id='par_1_2' title="bbox 47 445 1308 2938">
     <span class='ocr_line' id='line_1_2' title="bbox 47 445 1201 554; baseline 0 -24"><span class='ocrx_word' id='word_1_5' title='bbox 47 455 234 531; x_wconf 89' lang='lat' dir='ltr'><strong>eumdem</strong></span> <span class='ocrx_word' id='word_1_6' title='bbox 269 445 455 544; x_wconf 80' lang='lat' dir='ltr'><strong>Plinitmt,</strong></span> <span class='ocrx_word' id='word_1_7' title='bbox 498 473 522 527; x_wconf 80' lang='lat' dir='ltr'><strong>a</strong></span> <span class='ocrx_word' id='word_1_8' title='bbox 554 476 631 550; x_wconf 94' lang='lat' dir='ltr'><strong>quo</strong></span> <span class='ocrx_word' id='word_1_9' title='bbox 665 450 773 527; x_wconf 83' lang='lat' dir='ltr'><strong>Libr.</strong></span> <span class='ocrx_word' id='word_1_10' title='bbox 790 452 854 529; x_wconf 90' lang='lat' dir='ltr'><strong>lv.</strong></span> <span class='ocrx_word' id='word_1_11' title='bbox 881 452 1002 554; x_wconf 83' lang='lat' dir='ltr'><strong>Epist.</strong></span> <span class='ocrx_word' id='word_1_12' title='bbox 1022 456 1085 530; x_wconf 84' lang='lat'><strong>28.</strong></span> <span class='ocrx_word' id='word_1_13' title='bbox 1111 464 1144 546; x_wconf 63' lang='lat' dir='ltr'><strong>t.</strong></span> <span class='ocrx_word' id='word_1_14' title='bbox 1165 456 1201 530; x_wconf 91' lang='lat' dir='ltr'><strong>l.</strong></span> 
     </span>
     <span class='ocr_line' id='line_1_3' title="bbox 48 570 1203 676; baseline -0.002 -25"><span class='ocrx_word' id='word_1_15' title='bbox 48 573 227 651; x_wconf 81' lang='lat' dir='ltr'><strong>Cassium</strong></span> <span class='ocrx_word' id='word_1_16' title='bbox 251 578 445 647; x_wconf 88' lang='lat' dir='ltr'><strong>oratorem</strong></span> <span class='ocrx_word' id='word_1_17' title='bbox 471 592 560 645; x_wconf 92' lang='lat' dir='ltr'><strong>cum</strong></span> <span class='ocrx_word' id='word_1_18' title='bbox 586 570 762 649; x_wconf 91' lang='lat' dir='ltr'><strong>Cornelio</strong></span> <span class='ocrx_word' id='word_1_19' title='bbox 786 572 932 673; x_wconf 82' lang='lat' dir='ltr'>Nepote</span> <span class='ocrx_word' id='word_1_20' title='bbox 958 570 1203 676; x_wconf 80' lang='lat' dir='ltr'><strong>conjrmotnm</strong></span> 
     </span>
     <span class='ocr_line' id='line_1_4' title="bbox 49 687 1203 789; baseline -0.002 -20"><span class='ocrx_word' id='word_1_21' title='bbox 49 716 160 787; x_wconf 87' lang='lat' dir='ltr'><strong>esse,</strong></span> <span class='ocrx_word' id='word_1_22' title='bbox 194 714 283 767; x_wconf 88' lang='lat' dir='ltr'><strong>eum</strong></span> <span class='ocrx_word' id='word_1_23' title='bbox 316 690 481 765; x_wconf 90' lang='lat' dir='ltr'><strong>oliorum</strong></span> <span class='ocrx_word' id='word_1_24' title='bbox 505 687 581 763; x_wconf 88' lang='lat' dir='ltr'><strong>fuit</strong></span> <span class='ocrx_word' id='word_1_25' title='bbox 606 691 756 789; x_wconf 89' lang='lat' dir='ltr'><strong>opinio,</strong></span> <span class='ocrx_word' id='word_1_26' title='bbox 781 698 865 766; x_wconf 92' lang='lat' dir='ltr'><strong>tum</strong></span> <span class='ocrx_word' id='word_1_27' title='bbox 889 694 1059 769; x_wconf 82' lang='lat' dir='ltr'><strong>maxime</strong></span> <span class='ocrx_word' id='word_1_28' title='bbox 1085 692 1203 769; x_wconf 84' lang='lat' dir='ltr'><strong>Glan-</strong></span> 
     </span>
     <span class='ocr_line' id='line_1_5' title="bbox 50 806 1202 921; baseline -0.001 -34"><span class='ocrx_word' id='word_1_29' title='bbox 50 810 181 911; x_wconf 93' lang='lat' dir='ltr'><strong>dorpii</strong></span> <span class='ocrx_word' id='word_1_30' title='bbox 214 812 256 885; x_wconf 92' lang='lat' dir='ltr'><strong>in</strong></span> <span class='ocrx_word' id='word_1_31' title='bbox 292 806 492 921; x_wconf 82' lang='lat' dir='ltr'><strong>Onomast.</strong></span> <span class='ocrx_word' id='word_1_32' title='bbox 526 835 566 909; x_wconf 92' lang='lat' dir='ltr'><strong>p.</strong></span> <span class='ocrx_word' id='word_1_33' title='bbox 591 812 701 904; x_wconf 67' lang='lat'><strong>209„</strong></span> <span class='ocrx_word' id='word_1_34' title='bbox 744 836 862 911; x_wconf 79' lang='lat' dir='ltr'><strong>:prem</strong></span> <span class='ocrx_word' id='word_1_35' title='bbox 895 838 974 887; x_wconf 88' lang='lat' dir='ltr'><strong>non</strong></span> <span class='ocrx_word' id='word_1_36' title='bbox 1012 814 1138 888; x_wconf 92' lang='lat' dir='ltr'><strong>solum</strong></span> <span class='ocrx_word' id='word_1_37' title='bbox 1161 814 1202 907; x_wconf 89' lang='lat' dir='ltr'><strong>ii,</strong></span> 
     </span>
     <span class='ocr_line' id='line_1_6' title="bbox 50 928 1203 1031; baseline 0.002 -28"><span class='ocrx_word' id='word_1_38' title='bbox 50 930 122 1031; x_wconf 89' lang='lat' dir='ltr'><strong>qui</strong></span> <span class='ocrx_word' id='word_1_39' title='bbox 147 930 198 1004; x_wconf 88' lang='lat' dir='ltr'><strong>de</strong></span> <span class='ocrx_word' id='word_1_40' title='bbox 221 928 356 1005; x_wconf 87' lang='lat' dir='ltr'><strong>litteris</strong></span> <span class='ocrx_word' id='word_1_41' title='bbox 372 928 552 1015; x_wconf 84' lang='lat' dir='ltr'><strong>Romanis</strong></span> <span class='ocrx_word' id='word_1_42' title='bbox 576 930 828 1029; x_wconf 71' lang='lat' dir='ltr'><strong>scripserimt,</strong></span> <span class='ocrx_word' id='word_1_43' title='bbox 857 933 926 1007; x_wconf 91' lang='lat' dir='ltr'><strong>sed</strong></span> <span class='ocrx_word' id='word_1_44' title='bbox 951 933 1068 1007; x_wconf 91' lang='lat' dir='ltr'><strong>etiam</strong></span> <span class='ocrx_word' id='word_1_45' title='bbox 1091 932 1203 1006; x_wconf 85' lang='lat' dir='ltr'><strong>Plinii</strong></span> 
     </span>
     <span class='ocr_line' id='line_1_7' title="bbox 50 1048 1204 1151; baseline 0.001 -27"><span class='ocrx_word' id='word_1_46' title='bbox 50 1050 304 1149; x_wconf 74' lang='lat' dir='ltr'><strong>interpretes,</strong></span> <span class='ocrx_word' id='word_1_47' title='bbox 345 1072 443 1147; x_wconf 88' lang='lat' dir='ltr'><strong>quos</strong></span> <span class='ocrx_word' id='word_1_48' title='bbox 475 1048 585 1143; x_wconf 81' lang='lat' dir='ltr'><strong>novi,</strong></span> <span class='ocrx_word' id='word_1_49' title='bbox 618 1073 751 1123; x_wconf 87' lang='lat' dir='ltr'><strong>omnes</strong></span> <span class='ocrx_word' id='word_1_50' title='bbox 777 1052 900 1125; x_wconf 88' lang='lat' dir='ltr'><strong>secuti</strong></span> <span class='ocrx_word' id='word_1_51' title='bbox 924 1060 1025 1125; x_wconf 89' lang='lat' dir='ltr'><strong>sunt.</strong></span> <span class='ocrx_word' id='word_1_52' title='bbox 1076 1053 1204 1151; x_wconf 85' lang='lat' dir='ltr'><strong>Atque</strong></span> 
     </span>
     <span class='ocr_line' id='line_1_8' title="bbox 50 1168 1202 1269; baseline 0.001 -26"><span class='ocrx_word' id='word_1_53' title='bbox 50 1170 93 1243; x_wconf 91' lang='lat' dir='ltr'><strong>in</strong></span> <span class='ocrx_word' id='word_1_54' title='bbox 117 1174 299 1269; x_wconf 87' lang='lat' dir='ltr'><strong>promptu</strong></span> <span class='ocrx_word' id='word_1_55' title='bbox 325 1175 414 1242; x_wconf 79' lang='lat' dir='ltr'><strong>srmt</strong></span> <span class='ocrx_word' id='word_1_56' title='bbox 439 1190 538 1266; x_wconf 77' lang='lat' dir='ltr'><strong>(prae</strong></span> <span class='ocrx_word' id='word_1_57' title='bbox 557 1168 669 1243; x_wconf 90' lang='lat' dir='ltr'><strong>istam</strong></span> <span class='ocrx_word' id='word_1_58' title='bbox 686 1170 904 1268; x_wconf 85' lang='lat' dir='ltr'><strong>opinionem</strong></span> <span class='ocrx_word' id='word_1_59' title='bbox 920 1172 1202 1245; x_wconf 80' lang='lat' dir='ltr'><strong>commendent.</strong></span> 
     </span>
     <span class='ocr_line' id='line_1_9' title="bbox 52 1286 1205 1387; baseline 0.003 -26"><span class='ocrx_word' id='word_1_60' title='bbox 52 1286 152 1363; x_wconf 86' lang='lat' dir='ltr'><strong>Nam</strong></span> <span class='ocrx_word' id='word_1_61' title='bbox 175 1288 342 1386; x_wconf 75' lang='lat' dir='ltr'><strong>prinum:</strong></span> <span class='ocrx_word' id='word_1_62' title='bbox 366 1288 408 1360; x_wconf 89' lang='lat' dir='ltr'><strong>in</strong></span> <span class='ocrx_word' id='word_1_63' title='bbox 432 1288 519 1362; x_wconf 92' lang='lat' dir='ltr'><strong>loco</strong></span> <span class='ocrx_word' id='word_1_64' title='bbox 543 1288 717 1364; x_wconf 88' lang='lat' dir='ltr'><strong>Pliniano</strong></span> <span class='ocrx_word' id='word_1_65' title='bbox 741 1289 935 1387; x_wconf 85' lang='lat' dir='ltr'><strong>‹praeritur</strong></span> <span class='ocrx_word' id='word_1_66' title='bbox 959 1291 1077 1365; x_wconf 91' lang='lat' dir='ltr'><strong>homo</strong></span> <span class='ocrx_word' id='word_1_67' title='bbox 1102 1291 1205 1365; x_wconf 87' lang='lat' dir='ltr'><strong>litte·</strong></span> 
     </span>
     <span class='ocr_line' id='line_1_10' title="bbox 54 1406 1203 1510; baseline 0 -27"><span class='ocrx_word' id='word_1_68' title='bbox 54 1432 188 1483; x_wconf 89' lang='lat' dir='ltr'><strong>rarum</strong></span> <span class='ocrx_word' id='word_1_69' title='bbox 222 1406 380 1481; x_wconf 87' lang='lat' dir='ltr'><strong>scientia</strong></span> <span class='ocrx_word' id='word_1_70' title='bbox 414 1415 453 1481; x_wconf 93' lang='lat' dir='ltr'><strong>et</strong></span> <span class='ocrx_word' id='word_1_71' title='bbox 477 1408 734 1483; x_wconf 83' lang='lat' dir='ltr'><strong>monumentis</strong></span> <span class='ocrx_word' id='word_1_72' title='bbox 761 1408 900 1510; x_wconf 86' lang='lat' dir='ltr'><strong>ingenii</strong></span> <span class='ocrx_word' id='word_1_73' title='bbox 933 1410 1203 1507; x_wconf 81' lang='lat' dir='ltr'><strong>doctrinaeque</strong></span> 
     </span>
     <span class='ocr_line' id='line_1_11' title="bbox 55 1526 1206 1627; baseline 0 -26"><span class='ocrx_word' id='word_1_74' title='bbox 55 1526 226 1627; x_wconf 83' lang='lat' dir='ltr'><strong>insignis,</strong></span> <span class='ocrx_word' id='word_1_75' title='bbox 241 1526 393 1625; x_wconf 88' lang='lat' dir='ltr'><strong>qualem</strong></span> <span class='ocrx_word' id='word_1_76' title='bbox 408 1526 528 1601; x_wconf 82' lang='lat' dir='ltr'><strong>tuisse</strong></span> <span class='ocrx_word' id='word_1_77' title='bbox 544 1534 689 1603; x_wconf 88' lang='lat' dir='ltr'><strong>constat</strong></span> <span class='ocrx_word' id='word_1_78' title='bbox 703 1528 811 1601; x_wconf 92' lang='lat' dir='ltr'><strong>illum</strong></span> <span class='ocrx_word' id='word_1_79' title='bbox 826 1533 1030 1601; x_wconf 85' lang='lat' dir='ltr'><strong>oratorem.</strong></span> <span class='ocrx_word' id='word_1_80' title='bbox 1055 1527 1206 1602; x_wconf 86' lang='lat' dir='ltr'><strong>Deinde</strong></span> 
     </span>
     <span class='ocr_line' id='line_1_12' title="bbox 55 1646 1308 1749; baseline 0 -30"><span class='ocrx_word' id='word_1_81' title='bbox 55 1646 220 1737; x_wconf 77' lang='lat' dir='ltr'><strong>Plinius,</strong></span> <span class='ocrx_word' id='word_1_82' title='bbox 253 1646 416 1745; x_wconf 75' lang='lat' dir='ltr'><strong>scriptor</strong></span> <span class='ocrx_word' id='word_1_83' title='bbox 440 1646 764 1749; x_wconf 79' lang='lat' dir='ltr'><strong>diligentissimus,</strong></span> <span class='ocrx_word' id='word_1_84' title='bbox 794 1648 960 1721; x_wconf 89' lang='lat' dir='ltr'><strong>dubitari</strong></span> <span class='ocrx_word' id='word_1_85' title='bbox 984 1646 1054 1723; x_wconf 82' lang='lat' dir='ltr'><strong>vix</strong></span> <span class='ocrx_word' id='word_1_86' title='bbox 1079 1652 1206 1746; x_wconf 90' lang='lat' dir='ltr'><strong>potest</strong></span> <span class='ocrx_word' id='word_1_87' title='bbox 1305 1690 1308 1695; x_wconf 93' lang='lat'>·</span> 
     </span>
     <span class='ocr_line' id='line_1_13' title="bbox 55 1764 1206 1867; baseline 0.002 -28"><span class='ocrx_word' id='word_1_88' title='bbox 55 1766 174 1867; x_wconf 75' lang='lat' dir='ltr'><strong>prin,</strong></span> <span class='ocrx_word' id='word_1_89' title='bbox 207 1765 340 1840; x_wconf 88' lang='lat' dir='ltr'><strong>aetatis</strong></span> <span class='ocrx_word' id='word_1_90' title='bbox 364 1765 494 1839; x_wconf 86' lang='lat' dir='ltr'><strong>habita</strong></span> <span class='ocrx_word' id='word_1_91' title='bbox 519 1765 685 1860; x_wconf 80' lang='lat' dir='ltr'><strong>ratione,</strong></span> <span class='ocrx_word' id='word_1_92' title='bbox 720 1764 855 1865; x_wconf 89' lang='lat' dir='ltr'><strong>Nepoti</strong></span> <span class='ocrx_word' id='word_1_93' title='bbox 882 1766 1054 1841; x_wconf 86' lang='lat' dir='ltr'><strong>Cassium</strong></span> <span class='ocrx_word' id='word_1_94' title='bbox 1080 1771 1206 1841; x_wconf 91' lang='lat' dir='ltr'><strong>orato-</strong></span> 
     </span>
     <span class='ocr_line' id='line_1_14' title="bbox 55 1880 1204 1989; baseline -0.002 -28"><span class='ocrx_word' id='word_1_95' title='bbox 55 1908 141 1961; x_wconf 87' lang='lat' dir='ltr'><strong>rem</strong></span> <span class='ocrx_word' id='word_1_96' title='bbox 181 1891 314 1983; x_wconf 89' lang='lat' dir='ltr'><strong>utpote</strong></span> <span class='ocrx_word' id='word_1_97' title='bbox 351 1880 542 1985; x_wconf 77' lang='lat' dir='ltr'><strong>jrmiorem</strong></span> <span class='ocrx_word' id='word_1_98' title='bbox 577 1884 664 1960; x_wconf 91' lang='lat' dir='ltr'><strong>loeo</strong></span> <span class='ocrx_word' id='word_1_99' title='bbox 702 1894 741 1959; x_wconf 91' lang='lat' dir='ltr'><strong>et</strong></span> <span class='ocrx_word' id='word_1_100' title='bbox 781 1888 915 1962; x_wconf 85' lang='lat' dir='ltr'><strong>ordine</strong></span> <span class='ocrx_word' id='word_1_101' title='bbox 949 1884 1204 1989; x_wconf 80' lang='lat' dir='ltr'><strong>subjunxerit.</strong></span> 
     </span>
     <span class='ocr_line' id='line_1_15' title="bbox 55 2003 1207 2105; baseline 0.003 -27"><span class='ocrx_word' id='word_1_102' title='bbox 55 2005 171 2105; x_wconf 80' lang='lat' dir='ltr'><strong>Apud</strong></span> <span class='ocrx_word' id='word_1_103' title='bbox 196 2004 289 2077; x_wconf 86' lang='lat' dir='ltr'><strong>alios</strong></span> <span class='ocrx_word' id='word_1_104' title='bbox 306 2003 527 2103; x_wconf 82' lang='lat' dir='ltr'><strong>scriptores,</strong></span> <span class='ocrx_word' id='word_1_105' title='bbox 553 2006 659 2103; x_wconf 77' lang='lat' dir='ltr'><strong>:prod</strong></span> <span class='ocrx_word' id='word_1_106' title='bbox 683 2005 819 2099; x_wconf 89' lang='lat' dir='ltr'><strong>sciam,</strong></span> <span class='ocrx_word' id='word_1_107' title='bbox 860 2030 992 2081; x_wconf 90' lang='lat' dir='ltr'><strong>omnes</strong></span> <span class='ocrx_word' id='word_1_108' title='bbox 1025 2008 1091 2083; x_wconf 89' lang='lat' dir='ltr'><strong>vel</strong></span> <span class='ocrx_word' id='word_1_109' title='bbox 1113 2006 1207 2081; x_wconf 92' lang='lat' dir='ltr'><strong>sim-</strong></span> 
     </span>
     <span class='ocr_line' id='line_1_16' title="bbox 56 2120 1206 2229; baseline 0.002 -32"><span class='ocrx_word' id='word_1_110' title='bbox 56 2122 208 2223; x_wconf 91' lang='lat' dir='ltr'><strong>pliciter</strong></span> <span class='ocrx_word' id='word_1_111' title='bbox 243 2120 402 2229; x_wconf 67' lang='lat' dir='ltr'><strong>Cerasias:</strong></span> <span class='ocrx_word' id='word_1_112' title='bbox 435 2122 499 2198; x_wconf 87' lang='lat' dir='ltr'><strong>vel</strong></span> <span class='ocrx_word' id='word_1_113' title='bbox 526 2122 684 2199; x_wconf 81' lang='lat' dir='ltr'><strong>Cassius</strong></span> <span class='ocrx_word' id='word_1_114' title='bbox 709 2128 889 2217; x_wconf 73' lang='lat' dir='ltr'><strong>Severus,</strong></span> <span class='ocrx_word' id='word_1_115' title='bbox 926 2126 1066 2199; x_wconf 84' lang='lat' dir='ltr'><strong>omisso</strong></span> <span class='ocrx_word' id='word_1_116' title='bbox 1091 2150 1206 2225; x_wconf 87' lang='lat' dir='ltr'><strong>prae-</strong></span> 
     </span>
     <span class='ocr_line' id='line_1_17' title="bbox 56 2240 1207 2339; baseline -0.001 -22"><span class='ocrx_word' id='word_1_117' title='bbox 56 2242 235 2332; x_wconf 88' lang='lat' dir='ltr'><strong>nomine,</strong></span> <span class='ocrx_word' id='word_1_118' title='bbox 277 2242 498 2339; x_wconf 70' lang='lat' dir='ltr'><strong>appellatum.</strong></span> <span class='ocrx_word' id='word_1_119' title='bbox 557 2240 683 2318; x_wconf 85' lang='lat' dir='ltr'><strong>Nihilo</strong></span> <span class='ocrx_word' id='word_1_120' title='bbox 715 2250 844 2317; x_wconf 86' lang='lat' dir='ltr'><strong>tamen</strong></span> <span class='ocrx_word' id='word_1_121' title='bbox 868 2244 991 2317; x_wconf 91' lang='lat' dir='ltr'><strong>secius</strong></span> <span class='ocrx_word' id='word_1_122' title='bbox 1016 2243 1090 2317; x_wconf 89' lang='lat' dir='ltr'><strong>iste</strong></span> <span class='ocrx_word' id='word_1_123' title='bbox 1116 2268 1207 2318; x_wconf 92' lang='lat' dir='ltr'><strong>con-</strong></span> 
     </span>
     <span class='ocr_line' id='line_1_18' title="bbox 58 2360 1207 2456; baseline -0.003 -19"><span class='ocrx_word' id='word_1_124' title='bbox 58 2372 255 2437; x_wconf 77' lang='lat' dir='ltr'><strong>troversus</strong></span> <span class='ocrx_word' id='word_1_125' title='bbox 273 2360 388 2434; x_wconf 92' lang='lat' dir='ltr'><strong>Plinii</strong></span> <span class='ocrx_word' id='word_1_126' title='bbox 412 2360 516 2434; x_wconf 87' lang='lat' dir='ltr'><strong>locus</strong></span> <span class='ocrx_word' id='word_1_127' title='bbox 541 2361 638 2435; x_wconf 91' lang='lat' dir='ltr'><strong>hanc</strong></span> <span class='ocrx_word' id='word_1_128' title='bbox 663 2362 743 2438; x_wconf 87' lang='lat' dir='ltr'><strong>vim</strong></span> <span class='ocrx_word' id='word_1_129' title='bbox 762 2362 914 2456; x_wconf 86' lang='lat' dir='ltr'><strong>habuit,</strong></span> <span class='ocrx_word' id='word_1_130' title='bbox 939 2371 985 2436; x_wconf 92' lang='lat' dir='ltr'><strong>ut</strong></span> <span class='ocrx_word' id='word_1_131' title='bbox 998 2363 1207 2437; x_wconf 77' lang='lat' dir='ltr'><strong>Kordesius</strong></span> 
     </span>
     <span class='ocr_line' id='line_1_19' title="bbox 59 2478 1208 2583; baseline 0 -28"><span class='ocrx_word' id='word_1_132' title='bbox 59 2482 164 2579; x_wconf 78' lang='lat' dir='ltr'><strong>apud</strong></span> <span class='ocrx_word' id='word_1_133' title='bbox 192 2480 414 2553; x_wconf 81' lang='lat' dir='ltr'><strong>Diomedem</strong></span> <span class='ocrx_word' id='word_1_134' title='bbox 441 2478 546 2553; x_wconf 82' lang='lat' dir='ltr'><strong>Libr.</strong></span> <span class='ocrx_word' id='word_1_135' title='bbox 562 2480 593 2553; x_wconf 96' lang='lat' dir='ltr'><strong>l.</strong></span> <span class='ocrx_word' id='word_1_136' title='bbox 619 2508 657 2579; x_wconf 93' lang='lat' dir='ltr'><strong>p.</strong></span> <span class='ocrx_word' id='word_1_137' title='bbox 676 2482 764 2556; x_wconf 82' lang='lat'><strong>370.</strong></span> <span class='ocrx_word' id='word_1_138' title='bbox 782 2482 826 2555; x_wconf 89' lang='grc' dir='ltr'><strong>Ρ.</strong></span> <span class='ocrx_word' id='word_1_139' title='bbox 855 2505 928 2580; x_wconf 90' lang='lat' dir='ltr'><strong>pro</strong></span> <span class='ocrx_word' id='word_1_140' title='bbox 946 2481 1046 2583; x_wconf 79' lang='lat' dir='ltr'><strong>vulg.</strong></span> <span class='ocrx_word' id='word_1_141' title='bbox 1064 2478 1208 2555; x_wconf 83' lang='lat' dir='ltr'><strong>Actius</strong></span> 
     </span>
     <span class='ocr_line' id='line_1_20' title="bbox 62 2596 1207 2699; baseline -0.002 -24"><span class='ocrx_word' id='word_1_142' title='bbox 62 2596 225 2675; x_wconf 77' lang='lat' dir='ltr'><strong>Cassius</strong></span> <span class='ocrx_word' id='word_1_143' title='bbox 256 2600 523 2699; x_wconf 78' lang='lat' dir='ltr'><strong>corrigendum</strong></span> <span class='ocrx_word' id='word_1_144' title='bbox 557 2600 788 2675; x_wconf 87' lang='lat' dir='ltr'><strong>et·fidenter</strong></span> <span class='ocrx_word' id='word_1_145' title='bbox 819 2603 1085 2699; x_wconf 91' lang='lat' dir='ltr'><strong>reponendum</strong></span> <span class='ocrx_word' id='word_1_146' title='bbox 1117 2624 1207 2674; x_wconf 93' lang='lat' dir='ltr'><strong>cen-</strong></span> 
     </span>
     <span class='ocr_line' id='line_1_21' title="bbox 59 2716 1207 2819; baseline -0.001 -25"><span class='ocrx_word' id='word_1_147' title='bbox 59 2727 165 2794; x_wconf 83' lang='lat' dir='ltr'><strong>seret</strong></span> <span class='ocrx_word' id='word_1_148' title='bbox 204 2716 319 2793; x_wconf 73' lang='lat' dir='ltr'><strong>Tiar:</strong></span> <span class='ocrx_word' id='word_1_149' title='bbox 355 2716 535 2813; x_wconf 80' lang='lat' dir='ltr'><strong>Cassius,</strong></span> <span class='ocrx_word' id='word_1_150' title='bbox 581 2720 760 2819; x_wconf 88' lang='lat' dir='ltr'><strong>quoniam</strong></span> <span class='ocrx_word' id='word_1_151' title='bbox 793 2720 849 2794; x_wconf 85' lang='lat' dir='ltr'><strong>ibi</strong></span> <span class='ocrx_word' id='word_1_152' title='bbox 888 2720 1105 2795; x_wconf 86' lang='lat' dir='ltr'><strong>notissimus</strong></span> <span class='ocrx_word' id='word_1_153' title='bbox 1141 2718 1207 2793; x_wconf 90' lang='lat' dir='ltr'><strong>ille</strong></span> 
     </span>
     <span class='ocr_line' id='line_1_22' title="bbox 61 2837 412 2938; baseline -0.011 -25"><span class='ocrx_word' id='word_1_154' title='bbox 61 2845 192 2914; x_wconf 87' lang='lat' dir='ltr'><strong>orator</strong></span> <span class='ocrx_word' id='word_1_155' title='bbox 216 2837 412 2938; x_wconf 79' lang='lat' dir='ltr'><strong>allegetur.</strong></span> 
     </span>
    </p>

    <p class='ocr_par' dir='ltr' id='par_1_3' title="bbox 60 2956 1213 4362">
     <span class='ocr_line' id='line_1_23' title="bbox 163 2956 1207 3057; baseline 0.002 -27"><span class='ocrx_word' id='word_1_156' title='bbox 163 2956 249 3031; x_wconf 91' lang='lat' dir='ltr'><strong>Non</strong></span> <span class='ocrx_word' id='word_1_157' title='bbox 281 2956 402 3057; x_wconf 81' lang='lat' dir='ltr'><strong>magis</strong></span> <span class='ocrx_word' id='word_1_158' title='bbox 437 2962 562 3031; x_wconf 85' lang='lat' dir='ltr'><strong>certae</strong></span> <span class='ocrx_word' id='word_1_159' title='bbox 595 2964 706 3057; x_wconf 86' lang='lat' dir='ltr'><strong>etque</strong></span> <span class='ocrx_word' id='word_1_160' title='bbox 731 2957 955 3057; x_wconf 81' lang='lat' dir='ltr'><strong>exploratae</strong></span> <span class='ocrx_word' id='word_1_161' title='bbox 980 2965 1067 3032; x_wconf 91' lang='lat' dir='ltr'><strong>sunt</strong></span> <span class='ocrx_word' id='word_1_162' title='bbox 1091 2957 1207 3033; x_wconf 81' lang='lat' dir='ltr'><strong>Viro-</strong></span> 
     </span>
     <span class='ocr_line' id='line_1_24' title="bbox 60 3076 1208 3152; baseline -0.001 -1"><span class='ocrx_word' id='word_1_163' title='bbox 60 3100 148 3151; x_wconf 87' lang='lat' dir='ltr'><strong>rmn</strong></span> <span class='ocrx_word' id='word_1_164' title='bbox 175 3076 387 3151; x_wconf 87' lang='lat' dir='ltr'><strong>Doctorum</strong></span> <span class='ocrx_word' id='word_1_165' title='bbox 412 3076 693 3152; x_wconf 89' lang='lat' dir='ltr'><strong>sententiaede</strong></span> <span class='ocrx_word' id='word_1_166' title='bbox 716 3076 816 3151; x_wconf 91' lang='lat' dir='ltr'><strong>illius</strong></span> <span class='ocrx_word' id='word_1_167' title='bbox 842 3076 1004 3152; x_wconf 88' lang='lat' dir='ltr'><strong>oratoris</strong></span> <span class='ocrx_word' id='word_1_168' title='bbox 1023 3078 1121 3151; x_wconf 89' lang='lat' dir='ltr'><strong>urbe</strong></span> <span class='ocrx_word' id='word_1_169' title='bbox 1136 3099 1208 3150; x_wconf 85' lang='lat' dir='ltr'><strong>na-</strong></span> 
     </span>
     <span class='ocr_line' id='line_1_25' title="bbox 61 3193 1209 3297; baseline -0.003 -26"><span class='ocrx_word' id='word_1_170' title='bbox 61 3197 141 3271; x_wconf 86' lang='lat' dir='ltr'><strong>tali.</strong></span> <span class='ocrx_word' id='word_1_171' title='bbox 196 3194 228 3269; x_wconf 77' lang='lat' dir='ltr'>A</span> <span class='ocrx_word' id='word_1_172' title='bbox 254 3193 442 3271; x_wconf 83' lang='lat' dir='ltr'><strong>Catenaeo</strong></span> <span class='ocrx_word' id='word_1_173' title='bbox 468 3196 517 3270; x_wconf 90' lang='lat' dir='ltr'><strong>ad</strong></span> <span class='ocrx_word' id='word_1_174' title='bbox 542 3196 708 3270; x_wconf 89' lang='lat' dir='ltr'><strong>Plinium</strong></span> <span class='ocrx_word' id='word_1_175' title='bbox 732 3198 944 3297; x_wconf 87' lang='lat' dir='ltr'><strong>appellatur</strong></span> <span class='ocrx_word' id='word_1_176' title='bbox 962 3193 1209 3271; x_wconf 75' lang='lat' dir='ltr'><strong>Parmensis:</strong></span> 
     </span>
     <span class='ocr_line' id='line_1_26' title="bbox 62 3314 1211 3413; baseline -0.003 -24"><span class='ocrx_word' id='word_1_177' title='bbox 62 3314 287 3389; x_wconf 80' lang='lat' dir='ltr'><strong>manifestus</strong></span> <span class='ocrx_word' id='word_1_178' title='bbox 312 3323 371 3391; x_wconf 90' lang='lat' dir='ltr'><strong>est</strong></span> <span class='ocrx_word' id='word_1_179' title='bbox 394 3338 525 3409; x_wconf 86' lang='lat' dir='ltr'><strong>error,</strong></span> <span class='ocrx_word' id='word_1_180' title='bbox 553 3338 671 3413; x_wconf 89' lang='lat' dir='ltr'><strong>quem</strong></span> <span class='ocrx_word' id='word_1_181' title='bbox 694 3316 804 3389; x_wconf 90' lang='lat' dir='ltr'><strong>multi</strong></span> <span class='ocrx_word' id='word_1_182' title='bbox 829 3315 1102 3391; x_wconf 86' lang='lat' dir='ltr'><strong>inconsiderato</strong></span> <span class='ocrx_word' id='word_1_183' title='bbox 1128 3336 1211 3386; x_wconf 87' lang='lat' dir='ltr'><strong>am-</strong></span> 
     </span>
     <span class='ocr_line' id='line_1_27' title="bbox 64 3430 1210 3538; baseline -0.004 -29"><span class='ocrx_word' id='word_1_184' title='bbox 64 3436 173 3535; x_wconf 78' lang='lat' dir='ltr'><strong>plexi</strong></span> <span class='ocrx_word' id='word_1_185' title='bbox 206 3442 297 3509; x_wconf 90' lang='lat' dir='ltr'><strong>sunt</strong></span> <span class='ocrx_word' id='word_1_186' title='bbox 328 3442 368 3510; x_wconf 87' lang='lat' dir='ltr'><strong>et</strong></span> <span class='ocrx_word' id='word_1_187' title='bbox 402 3458 534 3511; x_wconf 92' lang='lat' dir='ltr'><strong>secure</strong></span> <span class='ocrx_word' id='word_1_188' title='bbox 559 3442 874 3538; x_wconf 82' lang='lat' dir='ltr'><strong>propagavenrnt.</strong></span> <span class='ocrx_word' id='word_1_189' title='bbox 926 3432 1019 3507; x_wconf 81' lang='lat' dir='ltr'><strong>Aliis</strong></span> <span class='ocrx_word' id='word_1_190' title='bbox 1045 3438 1103 3506; x_wconf 89' lang='lat' dir='ltr'><strong>est</strong></span> <span class='ocrx_word' id='word_1_191' title='bbox 1132 3430 1176 3509; x_wconf 82' lang='lat' dir='ltr'><em>V</em></span> <span class='ocrx_word' id='word_1_192' title='bbox 1169 3455 1210 3504; x_wconf 85' lang='lat' dir='ltr'><strong>e-</strong></span> 
     </span>
     <span class='ocr_line' id='line_1_28' title="bbox 64 3548 1210 3654; baseline -0.003 -27"><span class='ocrx_word' id='word_1_193' title='bbox 64 3552 244 3627; x_wconf 65' lang='lat' dir='ltr'><strong>mmet:</strong></span> <span class='ocrx_word' id='word_1_194' title='bbox 277 3554 328 3629; x_wconf 90' lang='lat' dir='ltr'><strong>ob</strong></span> <span class='ocrx_word' id='word_1_195' title='bbox 355 3552 570 3628; x_wconf 86' lang='lat' dir='ltr'><strong>Cornelium</strong></span> <span class='ocrx_word' id='word_1_196' title='bbox 600 3553 807 3654; x_wconf 88' lang='lat' dir='ltr'><strong>Nepotem,</strong></span> <span class='ocrx_word' id='word_1_197' title='bbox 853 3548 936 3653; x_wconf 82' lang='lat' dir='ltr'><strong>ejus</strong></span> <span class='ocrx_word' id='word_1_198' title='bbox 960 3550 1210 3650; x_wconf 82' lang='lat' dir='ltr'><strong>municipem:</strong></span> 
     </span>
     <span class='ocr_line' id='line_1_29' title="bbox 64 3670 1211 3772; baseline -0.003 -27"><span class='ocrx_word' id='word_1_199' title='bbox 64 3672 105 3746; x_wconf 93' lang='lat' dir='ltr'><strong>id</strong></span> <span class='ocrx_word' id='word_1_200' title='bbox 138 3672 246 3771; x_wconf 84' lang='lat' dir='ltr'><strong>quod</strong></span> <span class='ocrx_word' id='word_1_201' title='bbox 286 3673 399 3747; x_wconf 85' lang='lat' dir='ltr'><strong>valde</strong></span> <span class='ocrx_word' id='word_1_202' title='bbox 440 3672 628 3747; x_wconf 90' lang='lat' dir='ltr'><strong>incertum</strong></span> <span class='ocrx_word' id='word_1_203' title='bbox 669 3697 774 3767; x_wconf 90' lang='lat' dir='ltr'><strong>esse,</strong></span> <span class='ocrx_word' id='word_1_204' title='bbox 817 3696 931 3772; x_wconf 90' lang='lat' dir='ltr'><strong>supra</strong></span> <span class='ocrx_word' id='word_1_205' title='bbox 965 3670 1211 3746; x_wconf 88' lang='lat' dir='ltr'><strong>ostendimus.</strong></span> 
     </span>
     <span class='ocr_line' id='line_1_30' title="bbox 64 3788 1211 3895; baseline -0.003 -30"><span class='ocrx_word' id='word_1_206' title='bbox 64 3790 283 3865; x_wconf 86' lang='lat' dir='ltr'><strong>llarduinus</strong></span> <span class='ocrx_word' id='word_1_207' title='bbox 314 3790 355 3865; x_wconf 90' lang='lat' dir='ltr'><strong>in</strong></span> <span class='ocrx_word' id='word_1_208' title='bbox 386 3790 517 3866; x_wconf 90' lang='lat' dir='ltr'><strong>Indice</strong></span> <span class='ocrx_word' id='word_1_209' title='bbox 548 3790 707 3867; x_wconf 82' lang='lat' dir='ltr'><strong>Auctor.</strong></span> <span class='ocrx_word' id='word_1_210' title='bbox 740 3792 790 3866; x_wconf 83' lang='lat' dir='ltr'><strong>ad</strong></span> <span class='ocrx_word' id='word_1_211' title='bbox 814 3790 928 3865; x_wconf 87' lang='lat' dir='ltr'><strong>Plinii</strong></span> <span class='ocrx_word' id='word_1_212' title='bbox 952 3788 998 3865; x_wconf 93' lang='lat' dir='ltr'><strong>N.</strong></span> <span class='ocrx_word' id='word_1_213' title='bbox 1009 3788 1063 3895; x_wconf 91' lang='grc' dir='ltr'><strong>ΙΗ.</strong></span> <span class='ocrx_word' id='word_1_214' title='bbox 1090 3789 1139 3862; x_wconf 87' lang='grc' dir='ltr'><strong>Τ.</strong></span> <span class='ocrx_word' id='word_1_215' title='bbox 1158 3788 1211 3862; x_wconf 89' lang='grc' dir='ltr'><strong>Χ.</strong></span> 
     </span>
     <span class='ocr_line' id='line_1_31' title="bbox 64 3904 1212 4009; baseline -0.003 -24"><span class='ocrx_word' id='word_1_216' title='bbox 64 3936 104 4009; x_wconf 95' lang='lat' dir='ltr'><strong>p.</strong></span> <span class='ocrx_word' id='word_1_217' title='bbox 128 3910 218 3985; x_wconf 77' lang='lat'><strong>289.</strong></span> <span class='ocrx_word' id='word_1_218' title='bbox 253 3910 315 3984; x_wconf 90' lang='lat' dir='ltr'><strong>ed.</strong></span> <span class='ocrx_word' id='word_1_219' title='bbox 340 3910 406 3985; x_wconf 84' lang='lat' dir='ltr'><strong>Fz.</strong></span> <span class='ocrx_word' id='word_1_220' title='bbox 433 3934 523 3985; x_wconf 91' lang='lat' dir='ltr'><strong>eum</strong></span> <span class='ocrx_word' id='word_1_221' title='bbox 556 3910 647 3986; x_wconf 86' lang='lat' dir='ltr'><strong>lecit</strong></span> <span class='ocrx_word' id='word_1_222' title='bbox 682 3910 972 4005; x_wconf 77' lang='lat' dir='ltr'><strong>Longulcoum.</strong></span> <span class='ocrx_word' id='word_1_223' title='bbox 1039 3907 1137 3984; x_wconf 90' lang='lat' dir='ltr'><strong>Nam</strong></span> <span class='ocrx_word' id='word_1_224' title='bbox 1170 3904 1212 3981; x_wconf 92' lang='lat' dir='ltr'><strong>in</strong></span> 
     </span>
     <span class='ocr_line' id='line_1_32' title="bbox 66 4026 1211 4106; baseline -0.003 -1"><span class='ocrx_word' id='word_1_225' title='bbox 66 4028 287 4105; x_wconf 82' lang='lat' dir='ltr'><strong>Srmrmario</strong></span> <span class='ocrx_word' id='word_1_226' title='bbox 320 4029 513 4105; x_wconf 87' lang='lat' dir='ltr'><strong>Plinianoe</strong></span> <span class='ocrx_word' id='word_1_227' title='bbox 545 4030 731 4106; x_wconf 88' lang='lat' dir='ltr'><strong>llistoriae</strong></span> <span class='ocrx_word' id='word_1_228' title='bbox 764 4028 895 4103; x_wconf 81' lang='lat' dir='ltr'><strong>Natm.</strong></span> <span class='ocrx_word' id='word_1_229' title='bbox 920 4027 1032 4102; x_wconf 92' lang='lat' dir='ltr'><strong>Libri</strong></span> <span class='ocrx_word' id='word_1_230' title='bbox 1048 4026 1211 4102; x_wconf 77' lang='lat' dir='ltr'><strong>XXXV.</strong></span> 
     </span>
     <span class='ocr_line' id='line_1_33' title="bbox 66 4146 1212 4247; baseline 0 -26"><span class='ocrx_word' id='word_1_231' title='bbox 66 4148 181 4224; x_wconf 83' lang='lat' dir='ltr'><strong>Tem.</strong></span> <span class='ocrx_word' id='word_1_232' title='bbox 202 4146 243 4223; x_wconf 84' lang='lat'><strong>1.</strong></span> <span class='ocrx_word' id='word_1_233' title='bbox 269 4174 309 4247; x_wconf 89' lang='lat' dir='ltr'><strong>p.</strong></span> <span class='ocrx_word' id='word_1_234' title='bbox 340 4148 423 4224; x_wconf 78' lang='lat'><strong>156.</strong></span> <span class='ocrx_word' id='word_1_235' title='bbox 448 4148 515 4222; x_wconf 83' lang='lat' dir='ltr'><strong>Fz.</strong></span> <span class='ocrx_word' id='word_1_236' title='bbox 551 4158 766 4242; x_wconf 86' lang='lat' dir='ltr'><strong>auctorum,</strong></span> <span class='ocrx_word' id='word_1_237' title='bbox 810 4172 863 4222; x_wconf 84' lang='lat' dir='ltr'><strong>ex</strong></span> <span class='ocrx_word' id='word_1_238' title='bbox 898 4149 1037 4246; x_wconf 88' lang='lat' dir='ltr'><strong>quibus</strong></span> <span class='ocrx_word' id='word_1_239' title='bbox 1067 4146 1212 4223; x_wconf 87' lang='lat' dir='ltr'><strong>Plinius</strong></span> 
     </span>
     <span class='ocr_line' id='line_1_34' title="bbox 65 4262 1213 4362; baseline -0.006 -21"><span class='ocrx_word' id='word_1_240' title='bbox 65 4288 136 4341; x_wconf 81' lang='lat' dir='ltr'><strong>nro</strong></span> <span class='ocrx_word' id='word_1_241' title='bbox 171 4268 355 4362; x_wconf 84' lang='lat' dir='ltr'><strong>duxerat,</strong></span> <span class='ocrx_word' id='word_1_242' title='bbox 395 4266 597 4343; x_wconf 87' lang='lat' dir='ltr'><strong>elenchum</strong></span> <span class='ocrx_word' id='word_1_243' title='bbox 639 4268 854 4342; x_wconf 85' lang='lat' dir='ltr'><strong>emaculans</strong></span> <span class='ocrx_word' id='word_1_244' title='bbox 892 4267 1029 4341; x_wconf 82' lang='lat' dir='ltr'><strong>edidit:</strong></span> <span class='ocrx_word' id='word_1_245' title='bbox 1075 4262 1213 4341; x_wconf 78' lang='lat' dir='ltr'><strong>Cassio</strong></span> 
     </span>
    </p>
   </div>
   <div class='ocr_carea' id='block_1_3' title="bbox 64 4380 1213 4485">
    <p class='ocr_par' dir='ltr' id='par_1_4' title="bbox 64 4380 1213 4485">
     <span class='ocr_line' id='line_1_35' title="bbox 64 4380 1213 4485; baseline -0.036 9"><span class='ocrx_word' id='word_1_246' title='bbox 64 4388 209 4461; x_wconf 55' lang='lat' dir='ltr'><strong>&amp;vm</strong></span> <span class='ocrx_word' id='word_1_247' title='bbox 240 4384 490 4485; x_wconf 53' lang='lat' dir='ltr'><strong>Wlffl-</strong></span> <span class='ocrx_word' id='word_1_248' title='bbox 556 4387 703 4483; x_wconf 79' lang='lat' dir='ltr'><strong>Quibus</strong></span> <span class='ocrx_word' id='word_1_249' title='bbox 743 4386 786 4462; x_wconf 89' lang='lat' dir='ltr'><strong>iu</strong></span> <span class='ocrx_word' id='word_1_250' title='bbox 830 4386 961 4463; x_wconf 85' lang='lat' dir='ltr'><strong>verbis</strong></span> <span class='ocrx_word' id='word_1_251' title='bbox 993 4380 1213 4461; x_wconf 90' lang='lat' dir='ltr'><strong>llarduinus</strong></span> 
     </span>
    </p>
   </div>
   <div class='ocr_carea' id='block_1_4' title="bbox 0 0 1363 5294">
    <p class='ocr_par' dir='ltr' id='par_1_5' title="bbox 0 0 1363 5294">
     <span class='ocr_line' id='line_1_36' title="bbox 0 0 1363 5294; baseline 0 0"><span class='ocrx_word' id='word_1_252' title='bbox 0 0 1363 5294; x_wconf 95' lang='lat' dir='ltr'><strong> </strong></span> 
     </span>
    </p>
   </div>
  </div>
 </body>
</html>
