2686 5236
152 652 206 731 26
508 675 558 726 nr
585 675 623 727 ι.
641 674 767 728 ramo
794 674 941 727 nerra.

152 837 242 933 55.
266 865 307 940 p.
326 836 436 914 1652.
462 846 594 940 negat,
627 863 651 914 a
675 837 837 941 Virgilio
862 860 1024 939 usqum
1046 847 1300 919 memoratam

99 1004 102 1011 ·
153 982 239 1036 mse
270 968 311 1033 et
343 959 551 1034 memorari
588 958 760 1058 potuisse
794 956 843 1033 1..
868 957 1050 1053 Varium,
1088 960 1204 1060 utqui
1233 962 1301 1038 illo

99 1136 103 1143 -
153 1078 271 1157 merit
285 1075 413 1179 junior
430 1086 471 1152 et
483 1076 676 1151 Aeneidos
693 1077 812 1151 libros
827 1078 1110 1171 emendaverit,
1135 1078 1299 1182 ingenue

152 1196 296 1289 fateor,
340 1221 404 1271 me
438 1220 518 1270 non
553 1196 645 1270 satis
672 1196 824 1295 assequi
849 1194 933 1298 ejus
960 1198 1299 1298 argumentationis

16 1358 19 1363 ·
153 1316 309 1413 vim²¹).
369 1315 552 1416 Virgilius
586 1338 618 1389 a.
647 1315 693 1388 U.
720 1314 763 1390 C.
791 1317 879 1392 714.
912 1314 1094 1417 Eclogam
1108 1315 1182 1391 lx.
1208 1318 1301 1395 serl-

153 1436 251 1509 bens
277 1441 360 1509 erat
383 1434 632 1524 tricenariam
658 1433 798 1509 Varius
824 1442 973 1528 alitem,
1000 1435 1034 1509 si
1058 1458 1206 1511 annum
1220 1433 1299 1536 ejus

153 1554 321 1629 natalem
363 1576 399 1627 a.
433 1553 479 1628 U.
515 1553 558 1627 C.
584 1554 674 1628 672.
716 1554 968 1653 probabiliter
1012 1554 1298 1656 assignarim

153 1680 238 1747 tnm
271 1671 397 1745 XLII.
431 1695 553 1745 amros
587 1680 700 1746 natus
734 1680 830 1748 erat.
890 1672 1023 1772 Neque
1051 1680 1195 1749 tamen‘
1209 1674 1299 1749 haee

153 1792 288 1867 aetatis
319 1814 587 1889 armorumtpre
622 1792 875 1891 discrepantia
905 1791 1184 1891 impedimento
1216 1792 1298 1885 erit,

153 1936 232 2011 quo
256 1911 385 1985 minus
400 1910 529 2003 illum,
555 1909 706 1984 Maroni
724 1911 847 1986 anrieo
870 1911 1136 2010 superstitem,
1163 1911 1298 1988 Aenei-

154 2030 225 2105 dos
259 2030 521 2105 emendandae
554 2030 749 2131 negotium
788 2031 1000 2131 suseepisse
1033 2028 1297 2107 Grammaticis

154 2132 369 2225 credereris.

257 2267 404 2342 Verum
421 2272 571 2360 tamen,
597 2292 696 2367 <prae
711 2268 895 2344 haetenus
921 2271 971 2347 de
986 2269 1035 2344 L.
1049 2268 1161 2344 Varii
1178 2276 1295 2345 aetate

153 2387 450 2487 disputavimus,
477 2387 553 2480 eis,
579 2411 630 2462 ne
656 2388 747 2486 quid
771 2390 905 2464 callide
923 2391 1087 2465 reticere
1104 2412 1293 2490 eoerguar,

153 2506 349 2585 adversari
386 2506 586 2600 videntur,
629 2530 727 2603 quae
772 2507 821 2581 de
856 2505 1029 2607 ejusdem
1070 2532 1117 2583 ao
1152 2507 1294 2609 Virgilii

153 2625 453 2725 eondiscipuletu
497 2625 598 2722 apud
643 2624 919 2702 Granmratioos
963 2629 1084 2702 relata
1123 2628 1293 2729 legimus.

152 2744 324 2821 Donatus
344 2744 448 2819 enim
472 2744 514 2817 in
530 2744 607 2817 Vit.
627 2742 777 2844 Virgilii
794 2770 826 2819 a.
838 2745 946 2819 XIX.
963 2747 1065 2836 stt).
1090 2747 1190 2821 haee
1206 2746 1294 2822 sori·

152 2866 248 2965 psits
291 2862 495 2956 „Audiuit
529 2864 588 2958 (n.
620 2861 819 2963 Virgilius)
852 2889 881 2938 α
912 2870 1057 2963 Syrone
1087 2879 1294 2966 praerepto

151 2981 341 3085 Epimri3
377 2982 489 3075 coires
514 2979 716 3055 doctrinae
739 2980 889 3057 socium
912 2982 1052 3057 habuit
1085 2985 1130 3062 V
1122 2981 1294 3058 aretum

151 3100 346 3198 §monem
387 3097 637 3197 Epionreum,
684 3100 746 3173 eui
783 3126 940 3199 operam
983 3101 1137 3177 dedisse
1177 3100 1294 3177 fertur

152 3220 335 3322 Virgilius
368 3219 513 3293 Romae
548 3219 698 3294 eireiter
730 3244 766 3294 a.
792 3222 838 3295 U.
860 3220 903 3295 C.
924 3224 1036 3314 707„
1066 3237 1170 3297 esse
1198 3222 1293 3320 opti·

153 3362 262 3416 mum
286 3338 395 3412 illmn
419 3338 566 3431 viarm,
598 3364 675 3438 quo
699 3338 937 3415 munienter
960 3364 1052 3415 usus
1077 3341 1129 3414 sit
1154 3340 1294 3433 Gieero,

149 3466 196 3533 ut
226 3459 309 3559 ipse
342 3457 396 3533 ait
429 3458 469 3532 d.
502 3458 588 3532 Fin.
622 3459 665 3533 B.
693 3467 734 3535 et
757 3460 810 3535 M.
835 3458 945 3535 Libr.
959 3458 1011 3533 Π.
1045 3482 1077 3535 ο.
1100 3456 1168 3535 35.
1206 3461 1294 3558 iniq.

241 3766 298 3834 21)
323 3763 357 3826 ld
378 3768 454 3827 enim
476 3768 536 3845 egit
557 3764 643 3828 Eser.
662 3765 734 3829 Otto
755 3768 777 3828 l.
790 3789 830 3845 c.,
850 3778 884 3828 ut
904 3766 997 3828 eidem
1017 3763 1052 3827 Ρ.
1067 3764 1207 3844 Alpheae
1219 3764 1295 3828 Varo

152 3850 231 3931 leto,
251 3854 296 3913 eni
318 3850 456 3930 Eclogam
472 3850 529 3913 Vl.
553 3855 716 3930 inscriptam
738 3875 804 3914 esse
825 3865 923 3930 putat,
949 3851 1004 3914 hoc
1024 3851 1217 3914 honorificum
1234 3850 1295 3913 lte

151 3944 231 4001 renis
251 3940 446 3999 testimouium
465 3938 618 3999 addiceret.
671 3939 738 4016 lpse
767 3962 855 4015 quum
879 3942 1014 4015 sentiret,
1044 3939 1080 3999 de
1101 3942 1209 4017 insigni
1230 3962 1296 4017 qae-

152 4024 219 4085 ‹lanr
240 4035 325 4101 poeta
351 4022 398 4084 hic
418 4024 599 4101 cogitandum
620 4044 703 4103 esse,
734 4024 828 4100 addit,
858 4023 1026 4101 Alpheaunr
1048 4021 1163 4085 Verum
1187 4045 1296 4103 quoqne

152 4110 244 4171 rideri
274 4112 398 4171 cannino
429 4112 599 4185 scripsisse,
630 4112 746 4170 ssecrdo
769 4114 936 4186 praesertim
957 4112 1030 4188 illo,
1057 4132 1114 4187 quo
1137 4110 1215 4171 doert
1235 4130 1297 4187 prs-

154 4198 209 4257 sim
231 4196 412 4272 indoctique,
447 4208 481 4255 ut
503 4193 633 4269 Rarius,
671 4194 806 4256 Maevius
834 4208 864 4258 et
890 4194 1008 4268 Anser,
1039 4216 1141 4256 verses
1162 4194 1296 4271 fuderint,

152 4292 184 4343 et
204 4282 301 4357 plures
322 4284 396 4343 alios
418 4279 492 4342 letes
515 4283 614 4358 poesin
635 4303 699 4341 curn
717 4283 938 4358 jurisprudentia
959 4284 1083 4342 feliciter
1098 4286 1296 4359 conjunxisse:

151 4364 182 4427 ld
211 4366 287 4441 qrrod
317 4371 379 4427 stne
411 4367 513 4426 idonea
543 4369 653 4427 ratione
682 4368 717 4426 ab
749 4388 784 4427 eo
812 4368 920 4428 dictum
950 4387 1016 4428 esse
1044 4368 1145 4442 liquet.
1200 4366 1297 4443 Neque

154 4462 249 4511 tamen
271 4451 347 4512 idem
369 4450 527 4526 diffitetur,
560 4454 769 4514 verisimilem
792 4455 876 4513 etiam
902 4453 993 4513 rideri
1015 4455 1187 4513 senteutiam
1208 4450 1296 4513 Bassi

152 4536 190 4597 sd
212 4534 315 4613 Eelog.
330 4534 405 4609 vl,
436 4540 486 4612 qni
509 4538 685 4621 Quoadlium
709 4539 826 4599 Varum
855 4560 872 4599 a
902 4537 1029 4617 Virglllo
1056 4538 1171 4599 landari
1193 4548 1295 4601 oenset.

152 4618 184 4684 la
203 4633 248 4683 est
271 4622 433 4766 {simultas
450 4624 522 4697 ille,
559 4624 699 4700 domins
720 4626 799 4685 obitu
821 4622 960 4685 Horatius
986 4622 1023 4683 ad
1043 4623 1210 4702 Virgilium
1230 4626 1296 4685 scri·

151 4708 210 4785 pslt
240 4704 325 4857 liir.
344 4704 372 4770 l.
391 4705 489 4770 odam
506 4706 577 4785 24„
609 4719 640 4771 et
669 4710 706 4771 de
733 4731 792 4787 quo
821 4710 913 4773 sosius
941 4712 1081 4788 seriptum
1108 4718 1155 4771 est
1181 4712 1215 4772 in
1238 4708 1295 4771 llx-

84 4850 88 4859 .
153 4806 232 4857 ‘me
791 4828 796 4837 '
