2670 5294
363 271 412 321 ns
440 272 576 322 cassio
604 273 824 324 rsnnransr.
1132 256 1208 330 203

54 442 219 527 namra,
252 434 476 533 procacitati
508 458 602 511 suae
634 458 680 510 ac
706 435 992 515 maledicentiae
1016 441 1209 517 moderari

55 552 306 653 moribusque
341 553 421 629 nris
455 554 654 656 invigilare
698 579 771 631 nec
811 563 941 656 posset
974 583 1046 636 nec
1079 562 1208 656 vellet,

55 673 210 751 videtur
240 674 386 749 iterum
419 670 545 773 jussus
576 700 662 752 esse
686 676 729 751 in
755 673 907 751 Cretam
931 679 1055 753 redire
1079 678 1209 779 ibique

55 792 190 867 latere.
248 793 378 891 Atque
413 818 503 869 cum
527 796 608 872 illic
633 819 786 895 quoqne
814 797 949 871 eadem
974 797 1144 873 actitaret
1169 808 1210 874 et

56 908 214 988 hmosis
245 913 384 989 libellis
416 915 586 990 recentia
620 924 825 1015 veteraque
858 916 945 999 odia
976 918 1208 1011 adverteret3

57 1032 215 1107 tandem
247 1032 395 1109 Tiberii
430 1029 538 1135 jussu
577 1035 689 1110 bonis
723 1043 864 1110 exutus
908 1043 1043 1134 atque,
1085 1036 1207 1111 inter-

57 1150 164 1225 dicto
188 1151 269 1254 igni
295 1157 409 1251 atque
434 1176 555 1252 aqna,
583 1154 626 1227 in
651 1178 791 1229 saxum
817 1153 1039 1252 Seriphium
1066 1156 1208 1254 depor-

56 1276 161 1345 nnn
192 1279 270 1347 est:
314 1271 357 1347 id
389 1275 495 1371 qnod
520 1273 650 1349 evenit
672 1297 711 1375 a.
738 1275 783 1347 U.
803 1271 843 1347 G.
865 1276 976 1366 777„
1003 1298 1081 1372 qno
1108 1298 1209 1351 anno

55 1386 207 1465 Minoo
229 1390 273 1465 in
297 1391 519 1468 nniversmn
543 1399 806 1468 accusatorsnn
831 1391 933 1466 natio
957 1392 1079 1467 bbere
1103 1417 1210 1494 gras-

56 1508 227 1585 mbabn.

10 1650 13 1657 ·
163 1629 247 1723 Quo
281 1628 415 1706 aetatis
448 1653 552 1706 anno
585 1629 734 1707 Cassius
767 1627 934 1705 Severus
970 1628 1132 1725 obierit,
1167 1631 1209 1706 in

54 1748 255 1821 communi
280 1749 451 1823 omnium
476 1749 705 1849 scriptorum
721 1749 870 1825 silentio
890 1749 939 1824 ad
957 1748 1209 1825 divinandum

54 1864 282 1962 perdifficile
306 1876 376 1945 ast.
440 1866 520 1944 Sed
544 1877 675 1945 tamen
700 1892 790 1944 cum
815 1868 971 1944 Tacitum
997 1891 1087 1943 enm
1115 1894 1209 1945 con·

53 1984 230 2061 senuisse
254 1986 377 2082 dieat,
413 1990 669 2086 eumdemque
694 1986 810 2063 luisse
840 1994 988 2063 constet
1012 1986 1210 2065 hominem

54 2128 139 2179 non
164 2104 290 2180 minus
314 2106 468 2207 ingenio
492 2130 610 2205 quam
627 2130 789 2205 corpore
808 2105 1105 2196 validissimmn3
1131 2131 1210 2181 non

54 2222 245 2299 absonum
269 2222 382 2300 fuerit
407 2225 613 2323 suspicari,
640 2225 757 2299 talem
781 2224 909 2299 virum
928 2224 1103 2320 quamvis
1123 2249 1211 2299 cum

55 2342 190 2441 inopia
214 2344 372 2443 aliisque
398 2344 507 2419 exilii
532 2345 643 2419 malis
669 2342 921 2418 conflictatum
946 2342 994 2415 ad
1020 2367 1210 2418 summam

55 2460 206 2537 venisse
238 2470 472 2539 senectutem
504 2471 544 2539 et
576 2461 733 2539 tortasse
765 2460 958 2559 octoginta
983 2468 1021 2535 et
1047 2461 1210 2559 amplius

55 2580 200 2657 vixisse
234 2604 366 2657 mnes.
425 2580 474 2656 ld
506 2582 635 2682 sipro
662 2588 766 2658 certo
792 2579 996 2675 sumimus,
1035 2578 1210 2655 Cassium

56 2696 250 2775 Sevenrm
280 2707 416 2776 natum
448 2724 535 2776 esse
569 2702 739 2777 dicemus
771 2699 842 2773 sub
876 2698 1030 2773 initium
1064 2698 1208 2773 saecusli

56 2818 108 2893 ab
142 2817 246 2893 Urbe
280 2820 431 2897 condita
463 2820 607 2913 octavi,
650 2843 729 2918 quo
754 2817 916 2917 pristina
943 2814 1106 2893 civitatis
1130 2816 1210 2893 Ro·

55 2962 196 3013 manae
218 2938 376 3015 libertas
399 2936 479 3041 jam
503 2941 650 3015 dudum
674 2936 920 3030 factionibus,
948 2936 1111 3011 dissidiis
1126 2936 1210 3010 bel·

55 3056 182 3157 lisque
207 3057 382 3137 civilibus
406 3057 632 3135 labefactata
662 3057 820 3132 tandem
844 3078 916 3154 per
939 3052 1085 3130 lulium
1112 3052 1212 3133 Caes·

57 3198 187 3251 sarem
209 3178 453 3277 pesstnndata
478 3186 517 3252 et
541 3201 725 3278 oppressa
750 3183 819 3251 est.
871 3173 920 3248 llt
945 3198 1044 3272 quae
1070 3173 1208 3249 Caesa·

55 3296 112 3371 ris
137 3294 293 3373 caedem
316 3296 487 3372 mseurta
512 3304 570 3373 est
596 3307 718 3389 aetas,
744 3303 825 3369 tam
849 3292 962 3367 ferax
978 3292 1051 3365 luit
1075 3316 1209 3366 renim

56 3414 366 3517 gravissimas-sun
391 3415 723 3515 maximarumque
741 3410 1051 3504 conversionum,
1076 3418 1119 3485 ut
1134 3408 1210 3484 mi·

56 3558 148 3609 nnn
182 3544 368 3635 quantum
401 3534 553 3611 allicere
588 3536 744 3610 deberet
777 3540 931 3606 teneros
965 3537 1003 3604 et
1029 3550 1210 3627 sequaces

56 3650 245 3754 juvenum
276 3662 362 3730 tum
386 3653 708 3731 succrescentium
733 3652 894 3727 minos.
953 3647 1040 3723 Jam
1065 3648 1210 3721 intem

57 3770 278 3849 mannan
302 3781 522 3874 temporum
545 3774 727 3849 varietate
753 3796 840 3848 oum
865 3767 1094 3844 adolevisset
1116 3764 1209 3841 Cas-

29 3880 153 3987 'sius,
187 3917 268 3969 non
293 3895 484 3993 estquod
510 3893 688 3991 cuiqnam
721 3891 864 3966 mirum
888 3886 1082 3980 videatm,
1118 3907 1209 3960 eum
1319 3888 1324 3894 '

56 4010 250 4087 ateneris
273 4036 432 4115 magnos
459 4020 499 4087 et
523 4021 651 4088 truces
676 4008 880 4108 sumpsisse
905 4004 1059 4104 spirius
1084 4013 1125 4080 et
1148 4004 1210 4079 in-
1326 4079 1330 4087 ,

56 4131 364 4229 temperantioris
389 4128 586 4232 enjusdam
611 4138 650 4206 et
671 4126 866 4205 atrocioris
889 4125 1075 4200 libertatis
1100 4146 1210 4200 nmo·

56 4272 143 4323 rem
176 4250 396 4345 imbibisse,
436 4274 556 4351 quem
587 4274 659 4350 per
698 4271 856 4325 omnem
886 4245 1007 4322 vitam
1040 4268 1134 4344 prae
1167 4264 1209 4316 se

55 4364 176 4443 terret
209 4377 249 4445 et
282 4370 395 4447 dictis
425 4368 505 4447 suis
537 4367 723 4469 factisque
748 4365 926 4445 omnibus
950 4362 1208 4464 expromeret.
