2670 5294
95 644 99 651 Ι
157 672 237 749 210
521 692 574 745 nr
601 692 739 745 careno
757 657 981 748 enarrer.

158 857 362 957 scriptores
393 863 546 933 veteres
568 855 814 933 invenientin
845 857 1050 958 reliquiae,
1085 882 1157 937 eno
1179 860 1294 938 bicin

159 1004 279 1052 nnnm
304 978 480 1053 collectas
505 978 635 1051 locrnn
657 976 901 1051 illusnennu.
950 977 1040 1055 Jam
1064 982 1239 1080 primurn

259 1098 292 1170 Ι.
324 1095 567 1192 Tragoedias
593 1096 737 1193 aliquot
760 1097 809 1169 ab
835 1119 884 1170 eo
908 1099 1068 1197 scriptae
1093 1101 1292 1195 exolidae,

158 1243 237 1292 non
268 1218 386 1290 modo
422 1213 719 1289 Scholiastarum
752 1215 1068 1313 noetianorum,
1114 1221 1188 1293 sod
1214 1220 1297 1295 elio·

158 1359 248 1409 rum
291 1357 447 1433 quoqne
483 1334 712 1433 scriptorrnn
748 1336 969 1410 auctoritate
1001 1344 1042 1411 et
1080 1339 1296 1415 testinnoniir

159 1452 399 1552 comprobari
424 1460 560 1551 potest.
618 1451 784 1528 Proinde
815 1453 855 1527 in
886 1454 1095 1529 Poetarum
1122 1457 1296 1559 Tragico-

158 1597 245 1645 rum
278 1574 379 1670 apud
410 1573 603 1646 Romanos
638 1596 799 1647 numero
829 1598 921 1648 eum
953 1575 1176 1650 mnuenmt
1204 1575 1296 1651 Scri·

158 1691 307 1783 verine,
347 1690 521 1783 Dclrius,
555 1690 736 1785 Bothiue,
770 1691 936 1794 Longius
960 1693 1001 1765 in
1027 1692 1186 1770 Vindic.
1211 1695 1295 1769 'l'rn-

158 1812 269 1911 gocd.
295 1810 406 1884 Rom.
432 1837 471 1908 p.
491 1809 552 1882 10.
568 1834 647 1908 eq„
674 1812 750 1885 alii.
802 1810 865 1884 Ex
889 1811 1097 1912 tragoediis
1118 1810 1204 1914 ajin
1216 1837 1293 1912 prae

49 1936 54 1945 '
159 1930 319 2004 caeteris
344 1929 539 2003 nobilitata
563 1937 623 2002 est
654 1930 838 2027 Thyesteo
843 1980 858 2020 ,
892 1931 941 2003 de
966 1955 1044 2027 qna
1069 1929 1292 2008 Scholinnue

114 2127 118 2133 ,
158 2047 305 2123 Horatii
327 2048 563 2123 mentionem
588 2044 732 2122 iaciunt
765 2048 1028 2124 obscuriorem
1052 2050 1216 2146 quidem
1236 2072 1290 2125 vr·

159 2166 304 2264 riieqnc
329 2167 625 2241 dubitationibus
651 2163 882 2266 subiectam,
907 2167 947 2240 in
965 2190 1045 2263 qun
1060 2174 1198 2243 tamen
1213 2166 1288 2266 quid

157 2284 242 2359 veri
265 2284 380 2379 insit,
422 2285 578 2359 uberius
610 2286 724 2360 docui
757 2309 875 2385 snpra
902 2285 943 2358 in
977 2282 1288 2361 Commentatione

160 2403 210 2476 de
241 2402 291 2475 l..
321 2403 448 2481 Vario
472 2407 593 2478 Poeta
617 2414 650 2494 §.
680 2406 740 2480 13.
804 2404 869 2478 Ad
901 2401 1099 2497 Cassium,
1141 2429 1218 2503 quo
1250 2402 1286 2477 dr

159 2521 325 2622 agimus,
368 2519 498 2621 Scipio
531 2520 704 2622 Maffcjuo
735 2523 863 2597 retulit
896 2523 1024 2597 locum
1048 2521 1105 2596 M.
1129 2520 1286 2596 Varronis

159 2641 209 2715 de
241 2641 287 2715 L.
314 2640 361 2714 L.
387 2641 494 2715 Libr.
519 2640 568 2714 V.
602 2669 641 2741 p.
661 2639 725 2715 53.
751 2641 840 2716 Vol.
863 2641 896 2715 Ι.
922 2641 1025 2738 Bip.:
1068 2641 1285 2735 ,1010000-

158 2760 401 2860 aperngincm
436 2767 474 2834 et
510 2757 624 2859 jubar
656 2761 757 2835 dicta
788 2786 873 2834 nox
905 2759 1164 2858 interreperta,
1199 2759 1285 2833 ntin
1329 2762 1331 2773 '

159 2877 281 2953 Bruto
307 2880 444 2972 Cassii,
479 2881 583 2977 quod
609 2880 757 2953 (licebat
783 2879 975 2971 Lucretia,

209 2997 330 3072 Nocte
353 2996 585 3096 intempesta
610 3011 788 3071 nostram
813 2996 967 3071 decreuit
995 2998 1199 3070 dmnum.“

261 3117 343 3209 Quo
377 3117 415 3188 in
451 3118 536 3190 loco
572 3117 779 3212 Victorius,
823 3116 1026 3189 Trnnebns
1062 3123 1103 3188 et
1139 3114 1288 3215 Scaliger

158 3235 244 3309 Vol.
260 3234 310 3308 Il.
337 3261 376 3332 p.
404 3238 488 3309 122.
508 3237 590 3332 Bip.
617 3238 784 3334 primum
817 3259 888 3332 pro
921 3236 1023 3335 vndg.
1061 3232 1198 3309 Cassii
1226 3231 1288 3307 edi·

159 3356 299 3428 derrnrt
337 3352 511 3452 Cruenta,
557 3356 695 3428 deinde
724 3356 765 3429 C.
789 3352 928 3428 Altino
959 3377 1030 3451 pro
1061 3352 1227 3428 Caesius
1245 3352 1290 3425 le·

158 3474 324 3573 gendum
356 3469 616 3570 conjecerunt,
640 3498 750 3549 *cnm
781 3472 871 3546 Attii
903 3474 1055 3545 Brrrtue
1088 3472 1186 3546 elias
1210 3493 1290 3569 quo·

159 3616 236 3689 qne
254 3598 502 3682 memoretur,
528 3599 573 3664 nt
591 3616 648 3689 ap.
668 3591 891 3666 Ciceronem
907 3591 955 3663 de
971 3591 1141 3665 Divinat.
1160 3586 1288 3664 Libnl.

159 3734 192 3785 c.
211 3711 273 3785 22.
300 3719 339 3784 et
364 3736 434 3808 pro
461 3709 598 3785 Sextio
625 3737 657 3784 c.
677 3710 740 3784 58.
800 3710 909 3784 llanc
933 3709 1211 3784 correctionem
1232 3730 1287 3783 ve-

158 3831 347 3904 rissimam
380 3853 463 3903 esse
497 3830 595 3902 dixit
629 3829 836 3903 bordcsins
871 3829 919 3902 ad
944 3827 1176 3901 Eberhardti
1200 3827 1287 3901 Libr.
1329 3852 1331 3857 ·

159 3948 221 4022 cit.
253 3957 284 4036 §.
301 3951 339 4020 8.
366 3948 484 4047 p.58.
512 3955 551 4020 et
585 3949 695 4036 §.b-l.
722 3946 766 4020 N.
790 3950 823 4020 l.
850 3944 1015 4045 p.205.‚
1062 3969 1225 4045 eamque
1251 3964 1288 4017 ue

158 4068 306 4141 monito
332 4068 488 4165 quidem
512 4068 657 4140 lectore
683 4066 911 4141 delectione
936 4065 1089 4163 vulgata
1104 4065 1287 4162 amplexu

158 4186 316 4260 Bolhins
349 4188 464 4259 istrnn
496 4210 653 4260 versrnn
678 4183 900 4286 fragmentis
925 4183 1086 4256 Attianis
1112 4178 1286 4255 irrtulitir

159 4303 265 4380 Poet.
292 4305 405 4381 Scen.
430 4304 514 4379 Lat.
548 4304 630 4379 Vol.
651 4303 696 4377 V.
722 4305 765 4377 P.
783 4307 817 4376 l.
844 4331 883 4402 p.
907 4304 991 4376 192.
1052 4300 1100 4374 At
1127 4298 1288 4376 recentir-

159 4421 247 4494 simi
278 4423 460 4499 Varronis
486 4426 665 4516 editores,
700 4422 748 4495 L.
774 4421 999 4521 Spengclius
1031 4428 1070 4492 et
1098 4420 1144 4494 G.
1171 4414 1288 4495 Odulr.

158 4538 361 4635 Miillenrs,
396 4543 599 4618 lectionem
622 4544 814 4642 vulgatam
841 4540 1022 4614 Codicum
1049 4546 1148 4636 optt.
1175 4544 1289 4613 auctu·

159 4659 271 4733 ritate
294 4659 491 4736 firmanrnt
518 4669 558 4737 et
581 4662 820 4737 retinuerunt
843 4684 922 4734 non
947 4657 1073 4731 solum
1099 4655 1141 4733 ln.
1157 4659 1208 4753 l„
1237 4650 1291 4733 tel

160 4779 277 4851 etiam
310 4777 418 4851 Libr.
451 4780 515 4855 Vl.
552 4808 592 4880 p.
617 4783 680 4857 94.
705 4781 811 4881 Rip„
854 4778 919 4853 nbi
953 4777 1116 4852 Codices
1153 4792 1292 4853 ornuoet
