2686 5236
494 674 701 731 rxounrua
728 680 791 732 ιιι.
1132 656 1208 735 ltu

58 833 259 938 magnifiee
291 838 494 914 oollaudat.
559 838 669 943 Quae
700 864 724 916 a
754 838 913 917 Marone
943 838 1075 947 Holog.
1099 841 1207 921 vul.

57 983 98 1032 v.
115 959 152 1030 o.
179 956 422 1055 appellantur
445 957 628 1034 vunnim
644 960 858 1062 Sophocleo
876 960 1001 1057 digno
1016 964 1209 1038 cothurno

59 1081 150 1151 sunt
173 1074 241 1149 illa
266 1100 372 1151 uovo
389 1074 596 1179 cur-ruina,
622 1101 721 1177 quae
734 1079 948 1155 Pollionem
964 1078 1092 1157 faeere
1107 1082 1208 1157 oanit

59 1193 250 1269 Menaleaa
274 1201 405 1294 pastor
422 1193 552 1297 Helog.
568 1195 639 1271 111.
666 1221 702 1273 v.
720 1200 785 1273 86.
837 1197 906 1273 Illa
931 1222 1001 1274 our
1023 1224 1130 1273 nova
1147 1200 1208 1272 ‹li-

59 1320 223 1406 oantur,
256 1312 479 1415 ambiguum
502 1321 575 1390 ost.
627 1311 785 1392 Servius
810 1318 860 1392 ad
883 1318 923 1391 h.
940 1317 967 1394 l.
991 1340 1098 1390 uoou
1119 1342 1208 1390 car·

56 1429 173 1505 mim
189 1430 355 1530 explieat
373 1424 536 1527 mugitu,
560 1430 766 1525 miranda,
791 1458 961 1533 quocum
977 1433 1068 1510 laoit
1080 1434 1209 1511 Horon

58 1550 108 1623 nd
134 1548 280 1624 Horatii
304 1548 413 1624 Lilrr.
431 1549 499 1624 IV.
527 1548 602 1625 Od.
620 1551 659 1626 2.
684 1576 724 1628 v.
745 1552 807 1627 lu.
848 1552 1069 1630 oontortior
1092 1576 1208 1652 quam

57 1688 161 1767 qrrae
186 1668 341 1767 probari
365 1668 487 1768 possit
510 1676 570 1745 est
585 1669 794 1745 Burmanni
817 1671 1081 1772 interpretatio
1105 1670 1209 1775 eogi-

57 1786 176 1861 antis
209 1788 259 1861 tle
284 1787 515 1863 carminibus
540 1786 679 1887 epicis,
710 1813 810 1887 quae
834 1798 964 1866 tamen
989 1813 1013 1865 n
1036 1789 1209 1866 Pollione

59 1906 274 2003 oomporita
298 1929 402 1999 mse,
436 1932 488 1981 ne
520 1906 636 1980 unius
661 1907 820 2006 quidem
845 1910 1076 2008 scriptorum
1100 1916 1209 1985 vete·

60 2048 149 2097 rum
175 2024 396 2100 testimonio
422 2023 546 2100 evinci
562 2031 700 2123 potest.
751 2024 911 2104 Perleve
931 2035 989 2102 eat
1006 2049 1210 2128 argrnnen·

59 2150 146 2217 tum
176 2164 200 2215 a
234 2141 348 2216 tauri
377 2144 571 2218 mentione
602 2144 825 2243 repetitum,
862 2147 969 2246 quod
1000 2146 1132 2222 Aeron
1159 2146 1209 2220 tul

59 2260 207 2335 Horatii
232 2259 340 2337 Lilrr.
360 2260 393 2335 1.
418 2260 538 2360 Epist.
559 2260 598 2336 3.
623 2286 661 2339 v.
681 2265 745 2338 36.
770 2265 1029 2343 adnotaverit:
1061 2262 1210 2363 „Lyri-
1290 2338 1295 2345 .

59 2406 128 2455 ooo
150 2378 339 2473 vitulum,
379 2379 570 2476 Tragicos
595 2379 772 2475 hircum,
811 2382 915 2459 olleo
948 2384 993 2479 (i.
1018 2409 1053 2459 e.
1079 2383 1209 2483 epieoa

60 2524 115 2573 ex
137 2498 352 2573 Burmmmi
375 2499 578 2596 sententia)
602 2513 743 2600 poetae
761 2512 926 2575 taurum
941 2500 1210 2576 imezonem

61 2618 161 2693 Cum
200 2616 333 2719 igitur.
356 2618 539 2719 Virgilitn
578 2616 622 2691 in
662 2618 798 2694 eadem
833 2618 974 2723 Eologa
1016 2619 1211 2719 scripserit

60 2764 102 2816 v·
128 2732 214 2811 85.=

165 2853 342 2931 Pierides
347 2908 363 2947 ,
388 2853 557 2930 vitulum
581 2853 720 2931 lectori
737 2855 1063 2957 poenitentum

61 2974 243 3076 opinatum
275 2974 534 3070 Bru-mannus,
567 2973 771 3076 aignifioari
804 2976 1017 3052 Pollionem
1050 2999 1076 3050 a
1114 2972 1210 3049 sori·

62 3095 200 3171 Boudia
223 3093 354 3190 lyriois
380 3094 429 3168 ad
453 3094 561 3193 epioa
585 3101 846 3170 trametmtem
862 3095 1042 3170 earmina.
1092 3090 1213 3186 Quill·

62 3214 157 3313 quid
181 3212 252 3307 sit,
295 3214 535 3288 Burmannus
558 3220 674 3314 nogat
697 3212 812 3289 novio
835 3211 1075 3287 comantia
1098 3234 1213 3311 porte

63 3331 222 3406 iudieari
245 3330 478 3432 tragoediae,
512 3331 602 3430 quia
637 3338 720 3405 tum
746 3329 878 3405 tirum
901 3356 972 3430 pro
997 3343 1117 3405 tauro
1140 3354 1212 3430 po·

63 3451 213 3525 nondun
245 3448 393 3523 furiunt.
452 3448 560 3524 Hane
591 3450 946 3549 inerpretationem
978 3450 1118 3526 merito
1147 3472 1213 3524 ro·

64 3569 169 3668 spuit
200 3567 470 3643 Thorbeokim
505 3570 555 3642 de
591 3571 632 3646 G.
670 3567 803 3644 Λιίπὶἰ
833 3567 1024 3644 Pollionis
1059 3566 1141 3646 Vit.
1174 3579 1214 3640 et

64 3684 217 3761 senum
240 3687 376 3761 Doctr.
400 3685 549 3785 p.125.
576 3694 616 3761 et
640 3712 729 3762 omn
752 3688 903 3782 Heynio
928 3687 1132 3785 amplexus
1153 3692 1214 3761 est

64 3804 199 3883 servii
222 3805 430 3899 rationem,
472 3806 525 3879 ita
557 3812 600 3880 ut
630 3830 736 3879 nova
762 3806 928 3881 earmina
952 3805 1140 3902 eruperat
1164 3804 1213 3877 de

62 3922 288 4023 pmootaris,
321 3923 449 4023 ‹pmlia
472 3949 556 4001 non
585 3932 698 4000 antea
722 3923 819 3999 facta
844 3931 985 3999 errent.
1035 3923 1215 3997 Attamen

62 4052 111 4118 ut
135 4042 369 4142 simplioiur,
395 4041 449 4117 ita
473 4044 591 4118 etiam
615 4041 746 4121 verius
769 4040 805 4118 J.
821 4042 870 4117 H.
886 4041 1044 4116 vossius
1060 4041 1109 4114 nd
1124 4038 1210 4115 lul.

62 4186 104 4262 p.
125 4162 213 4236 141.
238 4161 377 4262 eogitat
401 4162 451 4237 ‹le
474 4160 655 4237 Pollionis
681 4159 886 4262 tragoediis
893 4210 906 4252 ,
940 4182 1038 4257 quae
1062 4157 1214 4234 novita-

62 4280 114 4354 tis
148 4280 266 4381 gratia
296 4278 492 4378 placerent
525 4288 567 4355 et
590 4280 681 4355 inde
704 4303 812 4352 noua
832 4274 1018 4385 omnivm
1042 4274 1213 4376 appella·

63 4406 214 4473 ronan.
264 4397 343 4473 Neo
367 4395 577 4495 quidpiam
593 4394 749 4498 adjurat
762 4394 973 4470 Burmanni
987 4395 1213 4470 renttmtiam

64 4516 174 4592 lomu
205 4516 353 4592 Horatii
393 4514 506 4590 Liba·
528 4515 561 4591 Ι.
595 4514 676 4590 Sat.
704 4517 765 4591 10.
798 4540 837 4592 v.
863 4515 927 4589 42.
939 4568 952 4610 ,
989 4516 1057 4589 nbi
1090 4512 1213 4590 Pollio

52 4636 187 4736 sorta
220 4660 359 4730 regum
393 4658 531 4711 ornere
554 4634 708 4709 dioittrr.
766 4633 875 4733 <lurae
899 4634 1058 4733 quidem
1081 4632 1214 4723 rerba,

66 4778 140 4855 per
164 4778 209 4831 re
232 4761 419 4855 spectato,
453 4754 504 4829 do
526 4752 694 4830 earmina
718 4752 974 4861 opiooxaooipi
998 4764 1113 4855 poste
1137 4772 1215 4822 uon
