2670 5294
518 277 724 331 excursus
750 281 778 328 ι.
1138 262 1213 336 315

58 442 146 513 tem
169 437 345 513 natalicia
382 437 490 534 Gaii.
550 438 774 517 Sauadonus
809 466 1004 518 assensum
1036 447 1212 542 praebuit

58 557 225 633 Rodellii
251 552 520 657 conjecturae,
547 584 648 657 quae
672 568 802 635 tamen
827 586 943 659 (pram
968 587 1067 638 vaua
1093 566 1141 638 sit
1167 590 1211 641 ae

58 676 178 751 futilis
202 673 281 776 jam
306 698 361 749 ex
387 700 437 752 eo
460 678 700 779 intelligitur,
735 682 839 777 quod
870 679 1016 775 Graius,
1040 682 1105 756 ille
1129 683 1210 756 Au-

59 795 158 897 gusti
189 820 328 893 nepos,
367 803 455 871 ante
487 798 734 895 adoptionem
768 823 846 871 uon
881 808 1030 895 poterat
1056 802 1104 873 ab
1131 802 1211 876 llo-

59 913 162 989 ratio
194 915 388 989 nominari
423 917 581 992 Caesar.
652 916 771 1013 Atqui
811 918 1012 1016 adoptatus
1055 920 1211 992 deinum

59 1040 122 1107 est
155 1058 243 1109 eum
280 1032 402 1108 bracio
427 1033 548 1109 fratre
572 1059 707 1110 reeens
732 1045 823 1111 nato
850 1038 885 1107 d.
911 1036 981 1107 lll.
1007 1039 1093 1110 Kal.
1119 1035 1208 1139 Mai.

62 1152 154 1227 anui
179 1153 224 1226 U.
254 1150 295 1225 G.
324 1153 434 1244 737„
479 1161 522 1227 ut
555 1155 684 1229 docuit
718 1154 762 1227 ll.
795 1154 967 1229 Norisius
1003 1158 1051 1229 ad
1079 1156 1210 1232 Cenot.

60 1270 187 1345 Pisan.
221 1271 381 1345 Dissert.
404 1270 456 1345 ll.
491 1297 525 1346 e.
556 1274 592 1345 l.
627 1300 665 1370 p.
690 1273 779 1345 348.
843 1272 968 1372 Ergo,
1002 1275 1075 1347 uisi
1100 1272 1212 1372 hujus

60 1389 255 1489 Epistulae
280 1390 527 1490 scriptionem
551 1387 732 1491 rejeceris
757 1393 805 1465 ad
824 1415 966 1465 aunum
983 1392 1027 1464 U.
1046 1391 1088 1464 C.
1106 1394 1209 1487 738,

60 1511 111 1584 de
136 1510 325 1584 alterutro
351 1511 508 1607 dugtrsti
533 1517 714 1608 nepotum
740 1509 894 1609 eogitari
919 1509 1066 1605 nequit.

165 1628 332 1704 Proinde
365 1629 430 1702 alii
454 1627 493 1701 h.
522 1629 549 1702 l.
577 1636 805 1726 acceperunt
831 1629 880 1699 de
905 1628 967 1701 dio
993 1626 1091 1701 Diui
1111 1629 1214 1705 Julii

61 1746 248 1824 caesaris
271 1748 408 1840 natali,
444 1756 653 1846 praeeunte
679 1746 964 1846 Porphyrioue,
993 1747 1058 1844 qui
1086 1748 1213 1839 „Diui

62 1864 249 1943 Caesaris
255 1873 300 1957 ,“
324 1867 466 1965 inquit,
493 1868 695 1959 „enutritam
718 1865 941 1963 significat:
970 1864 1011 1938 id
1028 1893 1109 1940 osse
1129 1867 1213 1967 ipoe

57 1984 207 2085 probat
243 1982 376 2057 dicens
410 1987 591 2061 aestivam
625 1993 803 2077 noeteur,
847 1983 940 2083 puio
973 1983 1039 2057 ute
1073 1987 1211 2062 Idibus

57 2101 180 2179 Iuliis
205 2102 464 2176 celebratur.“
508 2102 603 2177 Earn
622 2103 851 2177 seutentiam
868 2103 1003 2199 cupide
1020 2113 1211 2203 arreptam

60 2222 229 2300 verbose
246 2221 464 2318 explanavit
476 2221 669 2313 Daeerius,
690 2223 995 2318 approbaverunt
1006 2220 1210 2318 Gesnerus,

60 2338 319 2417 Groteiendus
344 2340 384 2411 in
400 2338 565 2413 Gruberi
591 2351 630 2414 et
650 2339 797 2413 Erselrii
822 2341 1028 2436 linop‘olop.
1048 2338 1211 2415 Seetll.

59 2458 153 2535 vol.
173 2459 234 2532 lt).
260 2482 300 2555 p.
317 2459 405 2532 474.
433 2466 474 2531 et
497 2461 721 2557 nuperrime
746 2458 859 2533 etiarn
886 2458 961 2530 Tlr.
980 2456 1210 2553 Schmidius,

62 2578 302 2655 doctissimus
327 2575 488 2675 Epistol.
515 2578 647 2652 llorat.
675 2576 821 2651 Editor.
875 2576 917 2649 C.
934 2575 1056 2651 Julius
1074 2579 1211 2653 Caesar

61 2706 176 2773 nattis
199 2695 323 2771 fuerat
347 2695 492 2770 ldubus
511 2696 739 2789 Quintilibus
756 2695 845 2769 anni
865 2696 911 2769 U.
931 2697 972 2770 C.
991 2697 1080 2771 655.
1124 2697 1212 2772 Jarn

64 2816 280 2893 Triumviri
310 2816 496 2889 Kalendis
527 2814 715 2890 Jauuariis
750 2814 840 2887 auni
865 2814 910 2887 U.
938 2814 980 2888 C.
1007 2820 1095 2891 712.
1122 2843 1211 2892 eum

64 2936 354 3011 deelaraveurnt
369 2932 539 3025 Diuum,
565 2934 603 3008 ei
627 2934 669 3006 in
693 2932 778 3007 loro
796 2934 977 3006 sacellum
1004 2944 1208 3013 exstruxe-

62 3061 155 3129 runt
179 3060 220 3127 et
244 3053 358 3127 simul
381 3053 644 3146 instituerunt,
685 3061 728 3126 ut
760 3048 845 3151 ejus
871 3053 953 3127 dies
977 3056 1112 3129 natalis
1138 3084 1210 3156 pu-

62 3174 163 3248 blioe
202 3171 472 3247 eelebraretru.
549 3172 623 3264 Qui
665 3195 754 3246 eum
795 3172 980 3245 inuideret
1014 3173 1056 3246 iu
1097 3176 1210 3251 ludos

63 3289 322 3391 Apollinares,
364 3291 503 3388 quibus
534 3314 641 3365 saera
674 3292 770 3365 alirn
799 3290 860 3364 dei
888 3290 1073 3363 celebrari
1098 3303 1208 3367 veta-

63 3410 158 3485 bant
190 3408 279 3481 libri
311 3407 510 3504 Sibyllini,
554 3410 797 3483 constitutum
825 3415 902 3500 est,
936 3415 979 3479 ut
1007 3408 1095 3483 Divi
1119 3411 1210 3487 Julii

64 3527 237 3604 Caesaris
261 3528 438 3601 natalicia
462 3528 586 3626 pridie
611 3525 694 3628 ejus
719 3527 815 3619 diei,
859 3551 937 3626 quo
962 3533 1073 3599 natus
1099 3536 1209 3622 esset,

63 3653 355 3747 peragerentur,
407 3654 561 3720 auctore
603 3647 725 3720 Dione
769 3645 872 3719 Cass.
910 3644 1018 3719 Libr.
1050 3645 1209 3721 XLVII.

63 3788 99 3841 o.
111 3768 174 3840 18.
192 3766 239 3840 cl.
257 3765 305 3838 ll.
322 3763 420 3838 Voss
437 3764 486 3837 ad
501 3763 651 3864 Virgilii
667 3764 796 3864 Eolog.
806 3762 855 3837 V.
874 3789 913 3836 v.
925 3765 987 3837 56.
1006 3791 1043 3861 p.
1054 3766 1141 3839 258.
1152 3791 1210 3865 sq.

62 3884 242 3959 Horatius
265 3884 382 3984 igitur
404 3882 504 3958 hane
519 3882 731 3984 Epistolam
756 3890 949 3957 exorasset
974 3882 1011 3953 d.
1032 3881 1100 3956 111.
1119 3884 1210 3958 Idus

62 4004 267 4097 Quintiles.
316 4002 378 4075 Ad
403 4027 548 4077 annum
572 4004 676 4101 quod
691 4003 837 4094 attinet,
863 4025 941 4099 quo
956 4001 1019 4075 illa
1037 4002 1085 4076 sit
1106 4029 1212 4080 eom-

62 4122 208 4221 posita,
233 4121 415 4196 Daoarius
440 4121 492 4197 ob
517 4148 556 4197 v.
571 4123 610 4196 4.
636 4143 726 4196 eum
750 4121 922 4222 intelligit
948 4146 1108 4217 aummr,
1135 4151 1212 4224 quo

63 4240 116 4316 Τ.
132 4238 304 4315 Statilius
320 4239 472 4315 Taurus
495 4242 634 4317 iterum
652 4239 794 4316 Consul
808 4242 937 4336 fuerit,
963 4241 1002 4315 h.
1019 4268 1053 4317 e.
1072 4269 1212 4318 aunum

63 4360 112 4435 11.
138 4358 184 4435 G.
210 4362 302 4437 728.
372 4359 457 4453 orn
496 4356 712 4461 ooajeotura
744 4362 865 4440 risum
900 4363 1004 4440 dedit
1035 4362 1211 4437 Massono
