2686 5236
71 35 1336 633 ...q

163 648 241 725 354
505 666 554 718 oa
579 664 715 717 cataro
740 664 963 718 armum.

165 837 327 910 locatam
353 853 455 921 casm
482 854 561 904 non
585 828 699 904 video
720 826 813 925 quid
832 825 1025 927 impediat
1042 827 1297 926 ‹prominuaat

164 950 357 1026 Plutarchi
381 948 660 1041 testimonium,
687 970 765 1046 quo
782 945 928 1019 nultum
946 953 1084 1043 potest
1101 971 1187 1021 caso
1201 948 1299 1022 ‹liau-

163 1072 240 1146 tiua
272 1070 495 1167 uultumque
526 1066 646 1167 magia
679 1065 945 1163 perspicuum,
993 1066 1302 1164 propendcamm,

165 1192 281 1288 idque
305 1211 392 1263 oum
416 1185 453 1261 J.
478 1184 611 1284 Lipaio
643 1185 692 1258 ad
717 1182 841 1257 Taciti
865 1184 965 1258 Anu.
996 1182 1112 1257 Libr.
1141 1183 1174 1258 1.
1199 1208 1232 1259 c.
1255 1187 1300 1259 Μ.

165 1312 205 1382 tt
229 1308 271 1380 in
296 1304 459 1380 Exmra.
486 1304 531 1376 B.
561 1309 602 1377 et
626 1326 716 1378 cum
739 1300 928 1377 Hocrouio
956 1300 1002 1375 in
1024 1300 1246 1377 Gommmt.
1265 1303 1301 1375 de

165 1422 320 1499 Fontib.
335 1421 543 1496 Plutarchi
564 1447 603 1521 p.
624 1422 711 1496 180.
736 1420 1026 1519 amplectamur.
1084 1419 1301 1519 Glaudorpit

163 1543 205 1617 iu
240 1539 437 1615 Onomast.
470 1566 511 1639 p.
544 1542 608 1615 81.
642 1539 834 1631 mononfi,
866 1537 1134 1614 Phrtarchrun
1167 1541 1209 1614 in
1237 1540 1303 1615 du

164 1682 316 1760 quoquc
339 1660 455 1734 robus
480 1659 620 1733 orroria
643 1657 886 1734 manifestum
911 1658 1069 1751 tenori,
1109 1683 1191 1735 uon
1213 1658 1304 1733 duti-

164 1792 285 1855 tarom
316 1776 432 1852 idam
464 1774 690 1878 adjrmgoro,
730 1776 939 1851 dummodo
980 1776 1089 1852 atius
1124 1777 1302 1877 scriptoria

164 1897 383 1974 tosthnonio
407 1903 514 1972 corto
538 1918 583 1971 ao
607 1895 714 1996 gravi
738 1895 863 1971 evinci
884 1902 1044 1994 poscet,
1073 1895 1302 1973 Plutarchtm

166 2018 236 2092 hac
251 2017 368 2091 otiam
383 2015 423 2089 in
441 2039 486 2090 ro
501 2012 638 2088 falsum
654 2036 751 2090 osso.
793 2012 908 2106 Mihi,
934 2021 981 2086 ut
995 2013 1178 2115 ingenuo
1192 2015 1301 2106 fatear,

164 2133 247 2208 Viri
271 2134 403 2228 Booti,
428 2133 495 2232 qui
516 2131 719 2207 Plutarcho
744 2129 859 2206 {idom
884 2131 1164 2233 abrogandam
1187 2158 1299 2210 ocuac·

164 2259 271 2344 rant,
301 2276 379 2326 nou
404 2260 483 2327 tam
508 2251 738 2350 scriptorum
762 2258 937 2327 veroum
962 2250 1066 2326 locis
1093 2278 1212 2352 quam
1233 2254 1299 2353 opi·

164 2371 277 2445 niouo
315 2372 481 2468 quadam
512 2367 769 2470 praejudicata
801 2368 967 2467 parmoti
1002 2392 1100 2447 csao
1133 2373 1299 2463 videntur,

164 2498 208 2563 ut
238 2490 393 2564 mallent
418 2487 616 2565 Octaviam
648 2488 839 2563 minorem
868 2511 989 2584 (pram
1021 2486 1217 2591 majorem
1245 2514 1298 2591 pro
1336 2568 1339 2573 ,

166 2608 215 2681 Μ.
243 2608 396 2682 Antonii
423 2631 548 2682 uxore
581 2607 736 2682 habcrc.
792 2607 994 2680 Traditum
1032 2610 1143 2683 cuim
1175 2610 1297 2685 ascri·
1337 2596 1339 2667 ἶ

166 2729 339 2825 ptoritms
365 2726 543 2827 legimus,
569 2727 676 2800 illam
701 2724 753 2798 Μ.
779 2725 934 2798 Antonii
963 2752 1143 2803 uxorem
1169 2726 1297 2805 Caesari

166 2846 376 2921 Octaviano
403 2868 599 2945 percaram
624 2868 766 2942 percprc
791 2851 936 2943 gratam
972 2844 1120 2940 tuisse,
1157 2868 1296 2944 rampo

165 2966 366 3039 virtutibus
392 2963 620 3039 cxcolluiaso
645 2963 756 3060 planc
782 2962 1052 3061 singularibus.
1117 2965 1201 3067 Ego
1223 2988 1296 3042 vua

165 3092 450 3181 argumentum,
475 3083 580 3178 (prod
605 3104 658 3155 ox
685 3080 758 3154 hoo
783 3079 907 3155 fratria
924 3081 965 3153 iu
986 3108 1169 3158 sororum
1187 3104 1296 3160 amoro

164 3212 201 3276 ct
225 3203 347 3275 sudio
373 3211 410 3275 ct
426 3223 476 3273 ox
495 3200 635 3274 sororis
652 3199 854 3274 virtutibus
873 3207 1093 3298 repetatur,
1120 3205 1296 3278 confiden-

163 3330 221 3391 tur
254 3343 352 3419 uago
387 3321 595 3416 quidquam
622 3318 751 3393 valore
783 3341 893 3415 posse
928 3319 976 3393 ad
1010 3320 1296 3397 labefactandam

163 3436 356 3511 Plutarchi
381 3437 643 3511 auctoritatam
670 3460 715 3511 ao
739 3435 866 3511 fidem.
924 3437 1013 3511 Fuit
1042 3441 1153 3515 onim
1179 3441 1296 3516 caca

164 3555 392 3631 Octavianus
421 3556 574 3630 omuino
600 3579 756 3630 suorum
773 3557 1082 3652 amantissimus,
1109 3584 1237 3658 nequo
1253 3565 1297 3632 rat

162 3677 264 3772 quod
299 3698 470 3750 sororcm
504 3696 723 3773 gonnauam
755 3675 880 3749 miuus
914 3676 964 3748 ab
999 3700 1052 3751 co
1097 3680 1295 3753 adamatam

162 3794 277 3867 tuisse
304 3793 523 3891 opinamur,
560 3816 675 3890 qrram
701 3794 911 3885 uterinam,
948 3801 1015 3868 aut
1041 3796 1154 3870 illam
1179 3799 1295 3871 eodem

162 3920 289 3984 natam
306 3920 434 4008 patro,
462 3934 577 4008 quem
593 3912 720 3987 virum
737 3920 930 4004 sanctum,
955 3912 1211 3990 innocentem
1230 3912 1296 3988 oui·

161 4052 302 4127 momm
329 4029 522 4129 ogregirun
547 4028 662 4104 fuisso
696 4031 858 4122 scimus,
893 4055 973 4105 non
1007 4031 1067 4105 eis
1103 4034 1297 4130 praeditam

160 4148 362 4222 virtutibus
388 4148 505 4222 fuisso
530 4148 721 4244 (domnus,
759 4174 851 4247 quas
883 4151 933 4222 do
959 4149 1145 4243 Octavia,
1179 4157 1298 4250 qumta

159 4264 212 4338 Μ.
231 4266 389 4342 Antonii
420 4290 567 4359 uxore,
593 4268 670 4342 rari
695 4267 864 4365 oxompti
890 4269 1076 4359 muliero,
1103 4272 1298 4370 scriptores

160 4394 471 4461 commemorant.
522 4385 715 4486 Douimm,
749 4398 793 4460 ut
818 4388 891 4461 hoc
917 4387 1078 4478 addam,
1107 4384 1298 4462 Plutardn

161 4499 313 4573 videtur
346 4505 461 4578 etiam
495 4505 694 4604 utriuaupro
719 4502 901 4580 Octaviae
934 4512 1041 4577 actas
1067 4503 1299 4604 patrocinari.

160 4614 356 4693 Octaviam
382 4624 591 4716 aurorem,
625 4647 741 4721 (pram
766 4623 906 4698 scimus
933 4622 1052 4698 tratre
1085 4623 1207 4699 firiasa
1230 4644 1301 4697 ma·

157 4731 300 4834 jorcm,
337 4764 521 4837 ponamus
547 4751 674 4818 natam
701 4765 784 4818 orac
809 4766 845 4818 a.
881 4744 925 4817 U.
952 4741 996 4816 G.
1022 4741 1145 4838 (Μ,
1181 4744 1235 4819 ita
1256 4748 1299 4831 ut,
