<?xml version="1.0" encoding="UTF-8"?>
<!DOCTYPE html PUBLIC "-//W3C//DTD XHTML 1.0 Transitional//EN"
    "http://www.w3.org/TR/xhtml1/DTD/xhtml1-transitional.dtd">
<html xmlns="http://www.w3.org/1999/xhtml" xml:lang="en" lang="en">
 <head>
  <title>
</title>
<meta http-equiv="Content-Type" content="text/html;charset=utf-8" />
  <meta name='ocr-system' content='tesseract 3.04.00' />
  <meta name='ocr-capabilities' content='ocr_page ocr_carea ocr_par ocr_line ocrx_word'/>
</head>
<body>
  <div class='ocr_page' id='page_1' title='image "./deluciivariietc00weicgoog_0072.png"; bbox 0 0 2670 5294; ppageno 0'>
   <div class='ocr_carea' id='block_1_1' title="bbox 161 682 947 777">
    <p class='ocr_par' dir='ltr' id='par_1_1' title="bbox 161 682 947 777">
     <span class='ocr_line' id='line_1_1' title="bbox 161 682 947 777; baseline -0.008 0"><span class='ocrx_word' id='word_1_1' title='bbox 161 700 214 777; x_wconf 80' lang='lat'><strong>50</strong></span> <span class='ocrx_word' id='word_1_2' title='bbox 513 720 565 771; x_wconf 75' lang='lat' dir='ltr'><strong>oa</strong></span> <span class='ocrx_word' id='word_1_3' title='bbox 591 721 629 772; x_wconf 82' lang='grc' dir='ltr'><strong>ι.</strong></span> <span class='ocrx_word' id='word_1_4' title='bbox 648 682 774 771; x_wconf 69' lang='grc' dir='ltr'><strong>ώιο</strong></span> <span class='ocrx_word' id='word_1_5' title='bbox 800 718 947 771; x_wconf 73' lang='lat' dir='ltr'><strong>rosu-</strong></span> 
     </span>
    </p>
   </div>
   <div class='ocr_carea' id='block_1_2' title="bbox 161 878 1299 1581">
    <p class='ocr_par' dir='ltr' id='par_1_2' title="bbox 161 878 1299 1440">
     <span class='ocr_line' id='line_1_2' title="bbox 162 878 1296 985; baseline -0.001 -25"><span class='ocrx_word' id='word_1_6' title='bbox 162 883 328 960; x_wconf 83' lang='lat' dir='ltr'><strong>Satiram</strong></span> <span class='ocrx_word' id='word_1_7' title='bbox 360 882 596 983; x_wconf 74' lang='lat' dir='ltr'><strong>composuit,</strong></span> <span class='ocrx_word' id='word_1_8' title='bbox 638 888 788 978; x_wconf 70' lang='lat' dir='ltr'><strong>minen,</strong></span> <span class='ocrx_word' id='word_1_9' title='bbox 821 888 1018 985; x_wconf 74' lang='lat' dir='ltr'><strong>portacsru</strong></span> <span class='ocrx_word' id='word_1_10' title='bbox 1048 878 1216 957; x_wconf 81' lang='lat' dir='ltr'><strong>istonnn</strong></span> <span class='ocrx_word' id='word_1_11' title='bbox 1235 880 1296 959; x_wconf 88' lang='lat' dir='ltr'><strong>bo·</strong></span> 
     </span>
     <span class='ocr_line' id='line_1_3' title="bbox 161 992 1297 1101; baseline -0.008 -18"><span class='ocrx_word' id='word_1_12' title='bbox 161 1005 309 1083; x_wconf 71' lang='lat' dir='ltr'><strong>minian</strong></span> <span class='ocrx_word' id='word_1_13' title='bbox 334 1002 649 1097; x_wconf 77' lang='lat' dir='ltr'><strong>obtrectationes,</strong></span> <span class='ocrx_word' id='word_1_14' title='bbox 681 1001 842 1077; x_wconf 87' lang='lat' dir='ltr'><strong>nonita</strong></span> <span class='ocrx_word' id='word_1_15' title='bbox 864 992 945 1096; x_wconf 54' lang='lat' dir='ltr'><strong>‚sibi</strong></span> <span class='ocrx_word' id='word_1_16' title='bbox 962 999 1190 1101; x_wconf 85' lang='lat' dir='ltr'><strong>imperavit,</strong></span> <span class='ocrx_word' id='word_1_17' title='bbox 1215 1002 1297 1099; x_wconf 84' lang='lat' dir='ltr'><strong>quin</strong></span> 
     </span>
     <span class='ocr_line' id='line_1_4' title="bbox 161 1118 1298 1222; baseline -0.006 -20"><span class='ocrx_word' id='word_1_18' title='bbox 161 1149 187 1203; x_wconf 93' lang='lat' dir='ltr'><strong>e</strong></span> <span class='ocrx_word' id='word_1_19' title='bbox 217 1122 381 1200; x_wconf 77' lang='lat' dir='ltr'><strong>mortuis</strong></span> <span class='ocrx_word' id='word_1_20' title='bbox 420 1122 546 1222; x_wconf 85' lang='lat' dir='ltr'><strong>poetis</strong></span> <span class='ocrx_word' id='word_1_21' title='bbox 577 1119 787 1197; x_wconf 85' lang='lat' dir='ltr'><strong>Laberium</strong></span> <span class='ocrx_word' id='word_1_22' title='bbox 793 1172 808 1217; x_wconf 96' lang='lat'><strong>,</strong></span> <span class='ocrx_word' id='word_1_23' title='bbox 850 1119 1009 1197; x_wconf 74' lang='lat' dir='ltr'><strong>Calvina</strong></span> <span class='ocrx_word' id='word_1_24' title='bbox 1041 1130 1083 1195; x_wconf 88' lang='lat' dir='ltr'><strong>et</strong></span> <span class='ocrx_word' id='word_1_25' title='bbox 1119 1118 1298 1195; x_wconf 71' lang='lat' dir='ltr'><strong>Comum</strong></span> 
     </span>
     <span class='ocr_line' id='line_1_5' title="bbox 163 1239 1299 1343; baseline -0.004 -24"><span class='ocrx_word' id='word_1_26' title='bbox 163 1243 320 1343; x_wconf 85' lang='lat' dir='ltr'><strong>oblique</strong></span> <span class='ocrx_word' id='word_1_27' title='bbox 350 1248 525 1343; x_wconf 84' lang='lat' dir='ltr'><strong>tangeret</strong></span> <span class='ocrx_word' id='word_1_28' title='bbox 557 1247 596 1317; x_wconf 86' lang='lat' dir='ltr'><strong>at</strong></span> <span class='ocrx_word' id='word_1_29' title='bbox 620 1264 674 1318; x_wconf 83' lang='lat' dir='ltr'><strong>ex</strong></span> <span class='ocrx_word' id='word_1_30' title='bbox 697 1240 798 1319; x_wconf 82' lang='lat' dir='ltr'><strong>vivis</strong></span> <span class='ocrx_word' id='word_1_31' title='bbox 820 1240 874 1316; x_wconf 89' lang='grc' dir='ltr'><strong>Μ.</strong></span> <span class='ocrx_word' id='word_1_32' title='bbox 898 1239 1063 1315; x_wconf 77' lang='lat' dir='ltr'><strong>Fusium</strong></span> <span class='ocrx_word' id='word_1_33' title='bbox 1082 1239 1299 1316; x_wconf 85' lang='lat' dir='ltr'><strong>llibaarlun</strong></span> 
     </span>
     <span class='ocr_line' id='line_1_6' title="bbox 162 1360 519 1440; baseline -0.017 0"><span class='ocrx_word' id='word_1_34' title='bbox 162 1363 301 1440; x_wconf 84' lang='lat' dir='ltr'><strong>acerba</strong></span> <span class='ocrx_word' id='word_1_35' title='bbox 324 1360 519 1437; x_wconf 78' lang='lat' dir='ltr'><strong>irrideret.</strong></span> 
     </span>
    </p>

    <p class='ocr_par' dir='ltr' id='par_1_3' title="bbox 261 1473 1296 1581">
     <span class='ocr_line' id='line_1_7' title="bbox 261 1473 1296 1581; baseline -0.002 -26"><span class='ocrx_word' id='word_1_36' title='bbox 261 1480 392 1579; x_wconf 82' lang='lat' dir='ltr'>Atque</span> <span class='ocrx_word' id='word_1_37' title='bbox 408 1477 592 1554; x_wconf 76' lang='lat' dir='ltr'><strong>Horatius</strong></span> <span class='ocrx_word' id='word_1_38' title='bbox 615 1485 660 1553; x_wconf 86' lang='lat' dir='ltr'><strong>ut</strong></span> <span class='ocrx_word' id='word_1_39' title='bbox 682 1473 746 1581; x_wconf 78' lang='lat' dir='ltr'><strong>jus</strong></span> <span class='ocrx_word' id='word_1_40' title='bbox 770 1477 846 1553; x_wconf 68' lang='lat' dir='ltr'><strong>silai</strong></span> <span class='ocrx_word' id='word_1_41' title='bbox 859 1478 1030 1578; x_wconf 82' lang='lat' dir='ltr'><strong>quodam</strong></span> <span class='ocrx_word' id='word_1_42' title='bbox 1052 1478 1176 1554; x_wconf 89' lang='lat' dir='ltr'><strong>modo</strong></span> <span class='ocrx_word' id='word_1_43' title='bbox 1201 1476 1296 1553; x_wconf 82' lang='lat' dir='ltr'><strong>adso·</strong></span> 
     </span>
    </p>
   </div>
   <div class='ocr_carea' id='block_1_3' title="bbox 34 1595 1297 1711">
    <p class='ocr_par' dir='ltr' id='par_1_4' title="bbox 34 1595 1297 1711">
     <span class='ocr_line' id='line_1_8' title="bbox 34 1595 1297 1711; baseline -0.005 -32"><span class='ocrx_word' id='word_1_44' title='bbox 34 1669 38 1679; x_wconf 93' lang='lat'>.</span> <span class='ocrx_word' id='word_1_45' title='bbox 160 1604 267 1675; x_wconf 88' lang='lat' dir='ltr'><strong>reret</strong></span> <span class='ocrx_word' id='word_1_46' title='bbox 290 1597 482 1674; x_wconf 85' lang='lat' dir='ltr'><strong>scribendi</strong></span> <span class='ocrx_word' id='word_1_47' title='bbox 507 1595 673 1711; x_wconf 87' lang='lat' dir='ltr'><strong>Satiras,</strong></span> <span class='ocrx_word' id='word_1_48' title='bbox 705 1595 849 1672; x_wconf 70' lang='lat' dir='ltr'><strong>frosm</strong></span> <span class='ocrx_word' id='word_1_49' title='bbox 873 1598 922 1673; x_wconf 87' lang='lat' dir='ltr'><strong>ab</strong></span> <span class='ocrx_word' id='word_1_50' title='bbox 947 1597 1034 1673; x_wconf 89' lang='lat' dir='ltr'><strong>aliis</strong></span> <span class='ocrx_word' id='word_1_51' title='bbox 1057 1596 1297 1693; x_wconf 55' lang='lat' dir='ltr'><strong>anamim</strong></span> 
     </span>
    </p>
   </div>
   <div class='ocr_carea' id='block_1_4' title="bbox 153 1714 1302 4781">
    <p class='ocr_par' dir='ltr' id='par_1_5' title="bbox 159 1714 1298 2650">
     <span class='ocr_line' id='line_1_9' title="bbox 161 1714 1296 1817; baseline 0.002 -26"><span class='ocrx_word' id='word_1_52' title='bbox 161 1717 302 1817; x_wconf 69' lang='lat' dir='ltr'><strong>‹fuibars</strong></span> <span class='ocrx_word' id='word_1_53' title='bbox 336 1714 552 1811; x_wconf 75' lang='lat' dir='ltr'><strong>Lucilium,</strong></span> <span class='ocrx_word' id='word_1_54' title='bbox 594 1714 777 1792; x_wconf 88' lang='lat' dir='ltr'><strong>Satirioaa</strong></span> <span class='ocrx_word' id='word_1_55' title='bbox 812 1716 916 1815; x_wconf 84' lang='lat' dir='ltr'><strong>apud</strong></span> <span class='ocrx_word' id='word_1_56' title='bbox 948 1715 1146 1793; x_wconf 82' lang='lat' dir='ltr'><strong>Romanos</strong></span> <span class='ocrx_word' id='word_1_57' title='bbox 1185 1715 1296 1817; x_wconf 81' lang='lat' dir='ltr'><strong>poesia</strong></span> 
     </span>
     <span class='ocr_line' id='line_1_10' title="bbox 160 1834 1298 1936; baseline 0 -25"><span class='ocrx_word' id='word_1_58' title='bbox 160 1835 396 1936; x_wconf 85' lang='lat' dir='ltr'><strong>principem,</strong></span> <span class='ocrx_word' id='word_1_59' title='bbox 433 1834 610 1911; x_wconf 87' lang='lat' dir='ltr'><strong>acumine</strong></span> <span class='ocrx_word' id='word_1_60' title='bbox 644 1841 685 1911; x_wconf 86' lang='lat' dir='ltr'><strong>et</strong></span> <span class='ocrx_word' id='word_1_61' title='bbox 708 1834 856 1912; x_wconf 76' lang='grc' dir='ltr'><strong>1000ῐὶ10</strong></span> <span class='ocrx_word' id='word_1_62' title='bbox 881 1857 1046 1933; x_wconf 74' lang='lat' dir='ltr'><strong>aeqrure</strong></span> <span class='ocrx_word' id='word_1_63' title='bbox 1072 1842 1115 1911; x_wconf 87' lang='lat' dir='ltr'><strong>et</strong></span> <span class='ocrx_word' id='word_1_64' title='bbox 1139 1844 1224 1911; x_wconf 87' lang='lat' dir='ltr'><strong>arte</strong></span> <span class='ocrx_word' id='word_1_65' title='bbox 1246 1860 1298 1911; x_wconf 86' lang='lat' dir='ltr'><strong>so·</strong></span> 
     </span>
     <span class='ocr_line' id='line_1_11' title="bbox 160 1948 1298 2056; baseline 0.001 -26"><span class='ocrx_word' id='word_1_66' title='bbox 160 1979 295 2056; x_wconf 85' lang='lat' dir='ltr'><strong>parare</strong></span> <span class='ocrx_word' id='word_1_67' title='bbox 329 1955 530 2049; x_wconf 86' lang='lat' dir='ltr'><strong>studebat,</strong></span> <span class='ocrx_word' id='word_1_68' title='bbox 568 1955 771 2031; x_wconf 86' lang='lat' dir='ltr'><strong>commode</strong></span> <span class='ocrx_word' id='word_1_69' title='bbox 801 1948 1013 2054; x_wconf 87' lang='lat' dir='ltr'><strong>adjecit,</strong></span> <span class='ocrx_word' id='word_1_70' title='bbox 999 1979 1043 2028; x_wconf 76' lang='lat' dir='ltr'><strong>ur</strong></span> <span class='ocrx_word' id='word_1_71' title='bbox 1067 1980 1148 2054; x_wconf 86' lang='lat' dir='ltr'><strong>quo</strong></span> <span class='ocrx_word' id='word_1_72' title='bbox 1176 1952 1298 2030; x_wconf 86' lang='lat' dir='ltr'><strong>carmi·</strong></span> 
     </span>
     <span class='ocr_line' id='line_1_12' title="bbox 159 2068 1296 2176; baseline 0 -27"><span class='ocrx_word' id='word_1_73' title='bbox 159 2099 256 2151; x_wconf 93' lang='lat' dir='ltr'><strong>num</strong></span> <span class='ocrx_word' id='word_1_74' title='bbox 280 2098 422 2176; x_wconf 82' lang='lat' dir='ltr'><strong>genere</strong></span> <span class='ocrx_word' id='word_1_75' title='bbox 445 2072 626 2171; x_wconf 76' lang='lat' dir='ltr'><strong>aequales</strong></span> <span class='ocrx_word' id='word_1_76' title='bbox 649 2079 808 2171; x_wconf 86' lang='lat' dir='ltr'><strong>poetae,</strong></span> <span class='ocrx_word' id='word_1_77' title='bbox 834 2073 1063 2171; x_wconf 76' lang='lat' dir='ltr'><strong>quibuscum</strong></span> <span class='ocrx_word' id='word_1_78' title='bbox 1078 2068 1296 2174; x_wconf 83' lang='lat' dir='ltr'><strong>conjunctis-</strong></span> 
     </span>
     <span class='ocr_line' id='line_1_13' title="bbox 161 2191 1298 2293; baseline 0 -26"><span class='ocrx_word' id='word_1_79' title='bbox 161 2193 257 2267; x_wconf 87' lang='lat' dir='ltr'><strong>sime</strong></span> <span class='ocrx_word' id='word_1_80' title='bbox 282 2191 456 2285; x_wconf 81' lang='lat' dir='ltr'><strong>vivebat,</strong></span> <span class='ocrx_word' id='word_1_81' title='bbox 481 2216 553 2290; x_wconf 89' lang='lat' dir='ltr'><strong>pro</strong></span> <span class='ocrx_word' id='word_1_82' title='bbox 570 2216 641 2267; x_wconf 83' lang='lat' dir='ltr'><strong>suo</strong></span> <span class='ocrx_word' id='word_1_83' title='bbox 662 2191 828 2290; x_wconf 77' lang='lat' dir='ltr'><strong>qtdsque</strong></span> <span class='ocrx_word' id='word_1_84' title='bbox 841 2191 1013 2293; x_wconf 82' lang='lat' dir='ltr'><strong>ingenio,</strong></span> <span class='ocrx_word' id='word_1_85' title='bbox 1038 2199 1128 2266; x_wconf 90' lang='lat' dir='ltr'><strong>tum</strong></span> <span class='ocrx_word' id='word_1_86' title='bbox 1140 2192 1298 2267; x_wconf 81' lang='lat' dir='ltr'><strong>maxima</strong></span> 
     </span>
     <span class='ocr_line' id='line_1_14' title="bbox 160 2307 1298 2411; baseline -0.002 -24"><span class='ocrx_word' id='word_1_87' title='bbox 160 2310 417 2387; x_wconf 77' lang='lat' dir='ltr'><strong>elaborabant.</strong></span> <span class='ocrx_word' id='word_1_88' title='bbox 466 2309 615 2411; x_wconf 85' lang='lat' dir='ltr'><strong>Lepide</strong></span> <span class='ocrx_word' id='word_1_89' title='bbox 638 2307 856 2410; x_wconf 86' lang='lat' dir='ltr'><strong>professus,</strong></span> <span class='ocrx_word' id='word_1_90' title='bbox 896 2335 940 2386; x_wconf 87' lang='lat' dir='ltr'><strong>se</strong></span> <span class='ocrx_word' id='word_1_91' title='bbox 964 2310 1039 2385; x_wconf 86' lang='lat' dir='ltr'><strong>sibi</strong></span> <span class='ocrx_word' id='word_1_92' title='bbox 1064 2318 1220 2386; x_wconf 74' lang='lat' dir='ltr'><strong>tantam</strong></span> <span class='ocrx_word' id='word_1_93' title='bbox 1241 2333 1298 2385; x_wconf 88' lang='lat' dir='ltr'><strong>ns·</strong></span> 
     </span>
     <span class='ocr_line' id='line_1_15' title="bbox 160 2429 1297 2532; baseline -0.004 -26"><span class='ocrx_word' id='word_1_94' title='bbox 160 2455 237 2529; x_wconf 83' lang='lat' dir='ltr'><strong>que</strong></span> <span class='ocrx_word' id='word_1_95' title='bbox 261 2429 368 2522; x_wconf 88' lang='lat' dir='ltr'><strong>aliis,</strong></span> <span class='ocrx_word' id='word_1_96' title='bbox 394 2429 462 2530; x_wconf 91' lang='lat' dir='ltr'><strong>qui</strong></span> <span class='ocrx_word' id='word_1_97' title='bbox 485 2431 614 2532; x_wconf 85' lang='lat' dir='ltr'><strong>legant</strong></span> <span class='ocrx_word' id='word_1_98' title='bbox 639 2430 808 2507; x_wconf 81' lang='lat' dir='ltr'><strong>carmina</strong></span> <span class='ocrx_word' id='word_1_99' title='bbox 831 2429 1059 2527; x_wconf 79' lang='lat' dir='ltr'><strong>audiuntve,</strong></span> <span class='ocrx_word' id='word_1_100' title='bbox 1085 2454 1226 2508; x_wconf 79' lang='lat' dir='ltr'><strong>versus</strong></span> <span class='ocrx_word' id='word_1_101' title='bbox 1247 2430 1297 2504; x_wconf 92' lang='lat' dir='ltr'><strong>lu·</strong></span> 
     </span>
     <span class='ocr_line' id='line_1_16' title="bbox 160 2548 678 2650; baseline -0.004 -26"><span class='ocrx_word' id='word_1_102' title='bbox 160 2548 272 2643; x_wconf 87' lang='lat' dir='ltr'><strong>dere,</strong></span> <span class='ocrx_word' id='word_1_103' title='bbox 307 2549 432 2650; x_wconf 83' lang='lat' dir='ltr'><strong>pergit</strong></span> <span class='ocrx_word' id='word_1_104' title='bbox 454 2574 495 2627; x_wconf 83' lang='lat' dir='ltr'><strong>v·</strong></span> <span class='ocrx_word' id='word_1_105' title='bbox 511 2551 574 2624; x_wconf 87' lang='lat'><strong>40.</strong></span> <span class='ocrx_word' id='word_1_106' title='bbox 591 2573 678 2648; x_wconf 85' lang='lat' dir='ltr'><strong>sqq.</strong></span> 
     </span>
    </p>

    <p class='ocr_par' dir='ltr' id='par_1_6' title="bbox 209 2665 1177 2768">
     <span class='ocr_line' id='line_1_17' title="bbox 209 2665 1177 2768; baseline 0.002 -25"><span class='ocrx_word' id='word_1_107' title='bbox 209 2665 372 2764; x_wconf 79' lang='lat' dir='ltr'><strong>Arguta</strong></span> <span class='ocrx_word' id='word_1_108' title='bbox 395 2667 593 2743; x_wconf 79' lang='lat' dir='ltr'><strong>merctrioe</strong></span> <span class='ocrx_word' id='word_1_109' title='bbox 612 2676 727 2768; x_wconf 77' lang='lat' dir='ltr'><strong>potas</strong></span> <span class='ocrx_word' id='word_1_110' title='bbox 750 2668 940 2767; x_wconf 74' lang='lat' dir='ltr'><strong>Davoque</strong></span> <span class='ocrx_word' id='word_1_111' title='bbox 968 2666 1177 2745; x_wconf 66' lang='lat' dir='ltr'><strong>casem</strong></span> 
     </span>
    </p>

    <p class='ocr_par' dir='ltr' id='par_1_7' title="bbox 209 2784 1047 2882">
     <span class='ocr_line' id='line_1_18' title="bbox 209 2784 1047 2882; baseline -0.001 -20"><span class='ocrx_word' id='word_1_112' title='bbox 209 2788 401 2863; x_wconf 82' lang='lat' dir='ltr'><strong>Eladcate</strong></span> <span class='ocrx_word' id='word_1_113' title='bbox 424 2812 554 2862; x_wconf 75' lang='lat' dir='ltr'><strong>serrem</strong></span> <span class='ocrx_word' id='word_1_114' title='bbox 578 2785 698 2861; x_wconf 64' lang='lat' dir='ltr'><strong>corna</strong></span> <span class='ocrx_word' id='word_1_115' title='bbox 718 2784 878 2882; x_wconf 80' lang='lat' dir='ltr'><strong>garrire</strong></span> <span class='ocrx_word' id='word_1_116' title='bbox 902 2785 1047 2861; x_wconf 76' lang='lat' dir='ltr'><strong>labellos</strong></span> 
     </span>
    </p>

    <p class='ocr_par' dir='ltr' id='par_1_8' title="bbox 217 2902 1113 3001">
     <span class='ocr_line' id='line_1_19' title="bbox 217 2902 1113 3001; baseline -0.002 -21"><span class='ocrx_word' id='word_1_117' title='bbox 217 2906 328 2980; x_wconf 70' lang='lat' dir='ltr'><strong>Ursas</strong></span> <span class='ocrx_word' id='word_1_118' title='bbox 350 2905 553 2997; x_wconf 67' lang='lat' dir='ltr'><strong>adamam,</strong></span> <span class='ocrx_word' id='word_1_119' title='bbox 579 2902 791 2997; x_wconf 79' lang='lat' dir='ltr'><strong>Faadaaa‘3</strong></span> <span class='ocrx_word' id='word_1_120' title='bbox 826 2902 952 2979; x_wconf 80' lang='lat' dir='ltr'><strong>Polla&#39;o</strong></span> <span class='ocrx_word' id='word_1_121' title='bbox 976 2930 1113 3001; x_wconf 80' lang='lat' dir='ltr'><strong>regum</strong></span> 
     </span>
    </p>

    <p class='ocr_par' dir='ltr' id='par_1_9' title="bbox 210 3021 1279 3125">
     <span class='ocr_line' id='line_1_20' title="bbox 210 3021 1279 3125; baseline 0.005 -29"><span class='ocrx_word' id='word_1_122' title='bbox 210 3024 340 3096; x_wconf 87' lang='lat' dir='ltr'><strong>Facta</strong></span> <span class='ocrx_word' id='word_1_123' title='bbox 363 3021 473 3097; x_wconf 77' lang='lat' dir='ltr'><strong>canit</strong></span> <span class='ocrx_word' id='word_1_124' title='bbox 491 3024 595 3121; x_wconf 77' lang='lat' dir='ltr'><strong>peda</strong></span> <span class='ocrx_word' id='word_1_125' title='bbox 617 3035 679 3096; x_wconf 84' lang='lat' dir='ltr'><strong>tar</strong></span> <span class='ocrx_word' id='word_1_126' title='bbox 697 3048 885 3124; x_wconf 78' lang='lat' dir='ltr'><strong>percaram</strong></span> <span class='ocrx_word' id='word_1_127' title='bbox 892 3050 906 3113; x_wconf 92' lang='lat'><strong>,·</strong></span> <span class='ocrx_word' id='word_1_128' title='bbox 920 3022 1037 3122; x_wconf 80' lang='lat' dir='ltr'><strong>forta</strong></span> <span class='ocrx_word' id='word_1_129' title='bbox 1056 3049 1153 3125; x_wconf 75' lang='lat' dir='ltr'><strong>epos</strong></span> <span class='ocrx_word' id='word_1_130' title='bbox 1178 3024 1279 3118; x_wconf 65' lang='lat' dir='ltr'><strong>acar,</strong></span> 
     </span>
    </p>

    <p class='ocr_par' dir='ltr' id='par_1_10' title="bbox 216 3136 1253 3244">
     <span class='ocr_line' id='line_1_21' title="bbox 216 3136 1253 3244; baseline 0.008 -31"><span class='ocrx_word' id='word_1_131' title='bbox 216 3140 268 3213; x_wconf 85' lang='lat' dir='ltr'><strong>Ut</strong></span> <span class='ocrx_word' id='word_1_132' title='bbox 290 3162 426 3230; x_wconf 76' lang='lat' dir='ltr'><strong>uano,</strong></span> <span class='ocrx_word' id='word_1_133' title='bbox 456 3136 607 3215; x_wconf 76' lang='lat' dir='ltr'><strong>Varias</strong></span> <span class='ocrx_word' id='word_1_134' title='bbox 633 3140 762 3231; x_wconf 77' lang='lat' dir='ltr'><strong>dascit3</strong></span> <span class='ocrx_word' id='word_1_135' title='bbox 794 3143 910 3217; x_wconf 74' lang='lat' dir='ltr'><strong>snalla</strong></span> <span class='ocrx_word' id='word_1_136' title='bbox 933 3152 1051 3244; x_wconf 62' lang='grc'><strong>01900</strong></span> <span class='ocrx_word' id='word_1_137' title='bbox 1062 3144 1253 3241; x_wconf 68' lang='lat' dir='ltr'><strong>facetias</strong></span> 
     </span>
    </p>

    <p class='ocr_par' dir='ltr' id='par_1_11' title="bbox 157 3254 1302 3573">
     <span class='ocr_line' id='line_1_22' title="bbox 213 3254 1245 3355; baseline 0.009 -23"><span class='ocrx_word' id='word_1_138' title='bbox 213 3254 384 3352; x_wconf 69' lang='lat' dir='ltr'><strong>Virgilio</strong></span> <span class='ocrx_word' id='word_1_139' title='bbox 408 3255 634 3332; x_wconf 69' lang='lat' dir='ltr'><strong>adamar</strong></span> <span class='ocrx_word' id='word_1_140' title='bbox 654 3260 871 3355; x_wconf 78' lang='lat' dir='ltr'><strong>gaudentes</strong></span> <span class='ocrx_word' id='word_1_141' title='bbox 892 3286 985 3336; x_wconf 85' lang='lat' dir='ltr'><strong>rara</strong></span> <span class='ocrx_word' id='word_1_142' title='bbox 1011 3262 1245 3340; x_wconf 70' lang='lat' dir='ltr'><strong>cumam</strong></span> 
     </span>
     <span class='ocr_line' id='line_1_23' title="bbox 158 3374 1302 3481; baseline 0.01 -33"><span class='ocrx_word' id='word_1_143' title='bbox 158 3374 232 3469; x_wconf 76' lang='lat' dir='ltr'><strong>Qui</strong></span> <span class='ocrx_word' id='word_1_144' title='bbox 255 3376 364 3452; x_wconf 89' lang='lat' dir='ltr'><strong>locus</strong></span> <span class='ocrx_word' id='word_1_145' title='bbox 398 3376 531 3453; x_wconf 89' lang='lat' dir='ltr'><strong>multis</strong></span> <span class='ocrx_word' id='word_1_146' title='bbox 555 3377 605 3452; x_wconf 90' lang='lat' dir='ltr'><strong>de</strong></span> <span class='ocrx_word' id='word_1_147' title='bbox 631 3377 773 3454; x_wconf 77' lang='lat' dir='ltr'><strong>caussis</strong></span> <span class='ocrx_word' id='word_1_148' title='bbox 798 3378 935 3481; x_wconf 81' lang='lat' dir='ltr'><strong>dignus</strong></span> <span class='ocrx_word' id='word_1_149' title='bbox 969 3378 1124 3480; x_wconf 86' lang='lat' dir='ltr'><strong>estqui</strong></span> <span class='ocrx_word' id='word_1_150' title='bbox 1151 3404 1302 3459; x_wconf 80' lang='lat' dir='ltr'><strong>accura-</strong></span> 
     </span>
     <span class='ocr_line' id='line_1_24' title="bbox 157 3494 697 3573; baseline 0.009 -6"><span class='ocrx_word' id='word_1_151' title='bbox 157 3494 234 3569; x_wconf 85' lang='lat' dir='ltr'><strong>tius</strong></span> <span class='ocrx_word' id='word_1_152' title='bbox 258 3494 418 3571; x_wconf 87' lang='lat' dir='ltr'><strong>anobis</strong></span> <span class='ocrx_word' id='word_1_153' title='bbox 443 3496 697 3573; x_wconf 71' lang='lat' dir='ltr'><strong>examinetur.</strong></span> 
     </span>
    </p>

    <p class='ocr_par' dir='ltr' id='par_1_12' title="bbox 153 3612 1301 4309">
     <span class='ocr_line' id='line_1_25' title="bbox 257 3612 1301 3716; baseline 0.007 -30"><span class='ocrx_word' id='word_1_154' title='bbox 257 3612 518 3711; x_wconf 77' lang='lat' dir='ltr'><strong>Fundaniam,</strong></span> <span class='ocrx_word' id='word_1_155' title='bbox 545 3615 613 3714; x_wconf 88' lang='lat' dir='ltr'><strong>qui</strong></span> <span class='ocrx_word' id='word_1_156' title='bbox 636 3616 701 3692; x_wconf 88' lang='lat' dir='ltr'><strong>bic</strong></span> <span class='ocrx_word' id='word_1_157' title='bbox 724 3626 982 3716; x_wconf 75' lang='lat' dir='ltr'><strong>memoratam,</strong></span> <span class='ocrx_word' id='word_1_158' title='bbox 1007 3618 1241 3695; x_wconf 83' lang='lat' dir='ltr'><strong>Meibomius</strong></span> <span class='ocrx_word' id='word_1_159' title='bbox 1262 3617 1301 3693; x_wconf 88' lang='lat' dir='ltr'><strong>in</strong></span> 
     </span>
     <span class='ocr_line' id='line_1_26' title="bbox 156 3729 1299 3832; baseline 0.006 -26"><span class='ocrx_word' id='word_1_160' title='bbox 156 3729 375 3807; x_wconf 85' lang='lat' dir='ltr'><strong>Maecenate</strong></span> <span class='ocrx_word' id='word_1_161' title='bbox 409 3731 501 3832; x_wconf 85' lang='lat' dir='ltr'><strong>Gap.</strong></span> <span class='ocrx_word' id='word_1_162' title='bbox 524 3733 670 3807; x_wconf 86' lang='lat' dir='ltr'>XVIII.</span> <span class='ocrx_word' id='word_1_163' title='bbox 696 3745 728 3826; x_wconf 67' lang='grc'><strong>1,</strong></span> <span class='ocrx_word' id='word_1_164' title='bbox 756 3737 817 3812; x_wconf 84' lang='lat' dir='ltr'><strong>lo</strong></span> <span class='ocrx_word' id='word_1_165' title='bbox 843 3763 965 3813; x_wconf 90' lang='lat' dir='ltr'><strong>unum</strong></span> <span class='ocrx_word' id='word_1_166' title='bbox 990 3762 1045 3813; x_wconf 86' lang='lat' dir='ltr'><strong>ex</strong></span> <span class='ocrx_word' id='word_1_167' title='bbox 1067 3736 1299 3815; x_wconf 72' lang='lat' dir='ltr'><strong>Maecenatb</strong></span> 
     </span>
     <span class='ocr_line' id='line_1_27' title="bbox 154 3848 1300 3960; baseline 0.007 -37"><span class='ocrx_word' id='word_1_168' title='bbox 154 3848 405 3925; x_wconf 82' lang='lat' dir='ltr'><strong>familiaribus</strong></span> <span class='ocrx_word' id='word_1_169' title='bbox 436 3849 555 3925; x_wconf 77' lang='lat' dir='ltr'><strong>luisse</strong></span> <span class='ocrx_word' id='word_1_170' title='bbox 588 3878 669 3929; x_wconf 91' lang='lat' dir='ltr'><strong>non</strong></span> <span class='ocrx_word' id='word_1_171' title='bbox 705 3862 853 3932; x_wconf 85' lang='lat' dir='ltr'><strong>temere</strong></span> <span class='ocrx_word' id='word_1_172' title='bbox 889 3858 1029 3960; x_wconf 82' lang='lat' dir='ltr'><strong>colligit</strong></span> <span class='ocrx_word' id='word_1_173' title='bbox 1059 3881 1113 3933; x_wconf 83' lang='lat' dir='ltr'><strong>ex</strong></span> <span class='ocrx_word' id='word_1_174' title='bbox 1147 3858 1190 3933; x_wconf 87' lang='lat' dir='ltr'><strong>b.</strong></span> <span class='ocrx_word' id='word_1_175' title='bbox 1212 3858 1241 3932; x_wconf 89' lang='grc'><strong>1.</strong></span> <span class='ocrx_word' id='word_1_176' title='bbox 1265 3860 1300 3931; x_wconf 82' lang='lat' dir='ltr'><strong>at</strong></span> 
     </span>
     <span class='ocr_line' id='line_1_28' title="bbox 154 3967 1297 4065; baseline 0.004 -20"><span class='ocrx_word' id='word_1_177' title='bbox 154 3967 262 4045; x_wconf 85' lang='lat' dir='ltr'><strong>Libr.</strong></span> <span class='ocrx_word' id='word_1_178' title='bbox 279 3968 330 4043; x_wconf 93' lang='grc' dir='ltr'><strong>Π.</strong></span> <span class='ocrx_word' id='word_1_179' title='bbox 358 3967 439 4044; x_wconf 88' lang='lat' dir='ltr'><strong>Sat.</strong></span> <span class='ocrx_word' id='word_1_180' title='bbox 455 3971 515 4065; x_wconf 87' lang='lat'><strong>8.‚</strong></span> <span class='ocrx_word' id='word_1_181' title='bbox 540 3971 610 4045; x_wconf 93' lang='lat' dir='ltr'><strong>ubi</strong></span> <span class='ocrx_word' id='word_1_182' title='bbox 633 3972 738 4047; x_wconf 88' lang='lat' dir='ltr'><strong>idem</strong></span> <span class='ocrx_word' id='word_1_183' title='bbox 762 3975 811 4047; x_wconf 86' lang='lat' dir='ltr'><strong>ab</strong></span> <span class='ocrx_word' id='word_1_184' title='bbox 829 3974 989 4052; x_wconf 84' lang='lat' dir='ltr'><strong>Horatio</strong></span> <span class='ocrx_word' id='word_1_185' title='bbox 1014 3976 1210 4050; x_wconf 81' lang='lat' dir='ltr'><strong>inducitur</strong></span> <span class='ocrx_word' id='word_1_186' title='bbox 1235 3976 1297 4049; x_wconf 86' lang='lat' dir='ltr'><strong>de-</strong></span> 
     </span>
     <span class='ocr_line' id='line_1_29' title="bbox 154 4090 1296 4193; baseline 0.004 -32"><span class='ocrx_word' id='word_1_187' title='bbox 154 4090 325 4165; x_wconf 80' lang='lat' dir='ltr'><strong>scribam</strong></span> <span class='ocrx_word' id='word_1_188' title='bbox 342 4090 536 4184; x_wconf 84' lang='lat' dir='ltr'><strong>ordinem,</strong></span> <span class='ocrx_word' id='word_1_189' title='bbox 562 4114 641 4188; x_wconf 85' lang='lat' dir='ltr'><strong>quo</strong></span> <span class='ocrx_word' id='word_1_190' title='bbox 660 4092 843 4170; x_wconf 83' lang='lat' dir='ltr'><strong>convivae</strong></span> <span class='ocrx_word' id='word_1_191' title='bbox 861 4119 949 4169; x_wconf 91' lang='lat' dir='ltr'><strong>cum</strong></span> <span class='ocrx_word' id='word_1_192' title='bbox 964 4093 1187 4171; x_wconf 82' lang='lat' dir='ltr'><strong>Maecenate</strong></span> <span class='ocrx_word' id='word_1_193' title='bbox 1202 4090 1296 4193; x_wconf 82' lang='lat' dir='ltr'><strong>apud</strong></span> 
     </span>
     <span class='ocr_line' id='line_1_30' title="bbox 153 4202 1018 4309; baseline 0.013 -32"><span class='ocrx_word' id='word_1_194' title='bbox 153 4202 396 4284; x_wconf 84' lang='lat' dir='ltr'><strong>Nasidienum</strong></span> <span class='ocrx_word' id='word_1_195' title='bbox 420 4208 462 4283; x_wconf 92' lang='lat' dir='ltr'><strong>in</strong></span> <span class='ocrx_word' id='word_1_196' title='bbox 486 4208 601 4309; x_wconf 89' lang='lat' dir='ltr'><strong>epulo</strong></span> <span class='ocrx_word' id='word_1_197' title='bbox 626 4210 873 4287; x_wconf 83' lang='lat' dir='ltr'><strong>occubuerint</strong></span> <span class='ocrx_word' id='word_1_198' title='bbox 897 4238 936 4289; x_wconf 82' lang='lat' dir='ltr'><strong>v.</strong></span> <span class='ocrx_word' id='word_1_199' title='bbox 953 4213 1018 4290; x_wconf 78' lang='grc'><strong>20.</strong></span> 
     </span>
    </p>

    <p class='ocr_par' dir='ltr' id='par_1_13' title="bbox 205 4326 1300 4548">
     <span class='ocr_line' id='line_1_31' title="bbox 205 4326 1300 4428; baseline 0.006 -31"><span class='ocrx_word' id='word_1_200' title='bbox 205 4326 387 4401; x_wconf 73' lang='lat' dir='ltr'><strong>Samma</strong></span> <span class='ocrx_word' id='word_1_201' title='bbox 419 4352 488 4425; x_wconf 77' lang='lat' dir='ltr'><strong>ego</strong></span> <span class='ocrx_word' id='word_1_202' title='bbox 521 4339 559 4402; x_wconf 86' lang='lat' dir='ltr'><strong>ct</strong></span> <span class='ocrx_word' id='word_1_203' title='bbox 578 4352 706 4428; x_wconf 79' lang='lat' dir='ltr'><strong>propa</strong></span> <span class='ocrx_word' id='word_1_204' title='bbox 728 4353 791 4402; x_wconf 83' lang='lat' dir='ltr'><strong>me</strong></span> <span class='ocrx_word' id='word_1_205' title='bbox 825 4329 969 4408; x_wconf 78' lang='lat' dir='ltr'><strong>Viscus</strong></span> <span class='ocrx_word' id='word_1_206' title='bbox 998 4328 1231 4425; x_wconf 73' lang='lat' dir='ltr'><strong>lbara&#39;aas,</strong></span> <span class='ocrx_word' id='word_1_207' title='bbox 1261 4336 1300 4404; x_wconf 78' lang='lat' dir='ltr'><strong>at</strong></span> 
     </span>
     <span class='ocr_line' id='line_1_32' title="bbox 776 4446 907 4548; baseline 0.008 -26"><span class='ocrx_word' id='word_1_208' title='bbox 776 4446 907 4548; x_wconf 76' lang='lat' dir='ltr'><strong>infra,</strong></span> 
     </span>
    </p>

    <p class='ocr_par' dir='ltr' id='par_1_14' title="bbox 204 4556 1208 4655">
     <span class='ocr_line' id='line_1_33' title="bbox 204 4556 1208 4655; baseline 0.015 -24"><span class='ocrx_word' id='word_1_209' title='bbox 204 4556 251 4632; x_wconf 82' lang='lat' dir='ltr'><strong>Si</strong></span> <span class='ocrx_word' id='word_1_210' title='bbox 271 4560 452 4655; x_wconf 71' lang='lat' dir='ltr'><strong>maniat,</strong></span> <span class='ocrx_word' id='word_1_211' title='bbox 482 4565 655 4641; x_wconf 73' lang='lat' dir='ltr'><strong>Variatur</strong></span> <span class='ocrx_word' id='word_1_212' title='bbox 682 4591 772 4641; x_wconf 86' lang='lat' dir='ltr'><strong>cam</strong></span> <span class='ocrx_word' id='word_1_213' title='bbox 795 4567 961 4643; x_wconf 73' lang='lat' dir='ltr'><strong>Servilio</strong></span> <span class='ocrx_word' id='word_1_214' title='bbox 984 4570 1208 4646; x_wconf 76' lang='lat' dir='ltr'><strong>Balatrone</strong></span> 
     </span>
    </p>

    <p class='ocr_par' dir='ltr' id='par_1_15' title="bbox 208 4676 1220 4781">
     <span class='ocr_line' id='line_1_34' title="bbox 208 4676 1220 4781; baseline 0.01 -26"><span class='ocrx_word' id='word_1_215' title='bbox 208 4676 411 4770; x_wconf 70' lang='lat' dir='ltr'><strong>Vibidius,</strong></span> <span class='ocrx_word' id='word_1_216' title='bbox 438 4707 533 4781; x_wconf 74' lang='lat' dir='ltr'><strong>quoa</strong></span> <span class='ocrx_word' id='word_1_217' title='bbox 556 4687 766 4760; x_wconf 77' lang='lat' dir='ltr'><strong>Maecenas</strong></span> <span class='ocrx_word' id='word_1_218' title='bbox 792 4687 1019 4762; x_wconf 74' lang='lat' dir='ltr'><strong>adduxerat</strong></span> <span class='ocrx_word' id='word_1_219' title='bbox 1043 4688 1220 4765; x_wconf 78' lang='lat' dir='ltr'><strong>umbras.</strong></span> 
     </span>
    </p>
   </div>
   <div class='ocr_carea' id='block_1_5' title="bbox 152 4793 1291 4908">
    <p class='ocr_par' dir='ltr' id='par_1_16' title="bbox 152 4793 1291 4908">
     <span class='ocr_line' id='line_1_35' title="bbox 152 4793 1291 4908; baseline 0.012 -35"><span class='ocrx_word' id='word_1_220' title='bbox 152 4793 353 4875; x_wconf 83' lang='lat' dir='ltr'><strong>Praeterea</strong></span> <span class='ocrx_word' id='word_1_221' title='bbox 378 4800 427 4874; x_wconf 88' lang='lat' dir='ltr'><strong>de</strong></span> <span class='ocrx_word' id='word_1_222' title='bbox 451 4799 527 4877; x_wconf 90' lang='lat' dir='ltr'><strong>hoo</strong></span> <span class='ocrx_word' id='word_1_223' title='bbox 542 4800 742 4881; x_wconf 84' lang='lat' dir='ltr'><strong>Fundanio</strong></span> <span class='ocrx_word' id='word_1_224' title='bbox 757 4805 855 4881; x_wconf 91' lang='lat' dir='ltr'><strong>nihil</strong></span> <span class='ocrx_word' id='word_1_225' title='bbox 878 4806 1092 4908; x_wconf 81' lang='lat' dir='ltr'><strong>quidquam</strong></span> <span class='ocrx_word' id='word_1_226' title='bbox 1108 4808 1203 4885; x_wconf 86' lang='lat' dir='ltr'><strong>alibi</strong></span> <span class='ocrx_word' id='word_1_227' title='bbox 1216 4830 1291 4887; x_wconf 84' lang='lat' dir='ltr'><strong>ma·</strong></span> 
     </span>
    </p>
   </div>
   <div class='ocr_carea' id='block_1_6' title="bbox 0 0 1340 5286">
    <p class='ocr_par' dir='ltr' id='par_1_17' title="bbox 0 0 1340 5286">
     <span class='ocr_line' id='line_1_36' title="bbox 0 0 1340 5286; baseline 0 0"><span class='ocrx_word' id='word_1_228' title='bbox 0 0 1340 5286; x_wconf 95' lang='lat' dir='ltr'><strong> </strong></span> 
     </span>
    </p>
   </div>
  </div>
 </body>
</html>
