<?xml version="1.0" encoding="UTF-8"?>
<!DOCTYPE html PUBLIC "-//W3C//DTD XHTML 1.0 Transitional//EN"
    "http://www.w3.org/TR/xhtml1/DTD/xhtml1-transitional.dtd">
<html xmlns="http://www.w3.org/1999/xhtml" xml:lang="en" lang="en">
 <head>
  <title>
</title>
<meta http-equiv="Content-Type" content="text/html;charset=utf-8" />
  <meta name='ocr-system' content='tesseract 3.04.00' />
  <meta name='ocr-capabilities' content='ocr_page ocr_carea ocr_par ocr_line ocrx_word'/>
</head>
<body>
  <div class='ocr_page' id='page_1' title='image "./deluciivariietc00weicgoog_0085.png"; bbox 0 0 2670 5294; ppageno 0'>
   <div class='ocr_carea' id='block_1_1' title="bbox 422 320 1213 392">
    <p class='ocr_par' dir='ltr' id='par_1_1' title="bbox 422 320 1213 392">
     <span class='ocr_line' id='line_1_1' title="bbox 422 320 1213 392; baseline 0.013 -10"><span class='ocrx_word' id='word_1_1' title='bbox 422 333 471 383; x_wconf 86' lang='lat' dir='ltr'>us</span> <span class='ocrx_word' id='word_1_2' title='bbox 498 334 534 383; x_wconf 87' lang='lat' dir='ltr'>r.</span> <span class='ocrx_word' id='word_1_3' title='bbox 559 334 685 385; x_wconf 74' lang='lat' dir='ltr'>vauro</span> <span class='ocrx_word' id='word_1_4' title='bbox 713 336 857 386; x_wconf 69' lang='lat' dir='ltr'>roura.</span> <span class='ocrx_word' id='word_1_5' title='bbox 1161 320 1213 392; x_wconf 81' lang='lat'>63</span> 
     </span>
    </p>
   </div>
   <div class='ocr_carea' id='block_1_2' title="bbox 50 494 1216 2739">
    <p class='ocr_par' dir='ltr' id='par_1_2' title="bbox 59 494 1216 1405">
     <span class='ocr_line' id='line_1_2' title="bbox 61 494 1216 601; baseline 0.01 -30"><span class='ocrx_word' id='word_1_6' title='bbox 61 494 183 571; x_wconf 87' lang='lat' dir='ltr'>dandi</span> <span class='ocrx_word' id='word_1_7' title='bbox 216 494 314 571; x_wconf 87' lang='lat' dir='ltr'>ratio</span> <span class='ocrx_word' id='word_1_8' title='bbox 346 518 488 573; x_wconf 79' lang='lat' dir='ltr'>vereor</span> <span class='ocrx_word' id='word_1_9' title='bbox 517 502 564 571; x_wconf 91' lang='lat' dir='ltr'>ut</span> <span class='ocrx_word' id='word_1_10' title='bbox 596 496 738 572; x_wconf 88' lang='lat' dir='ltr'>blanda</span> <span class='ocrx_word' id='word_1_11' title='bbox 763 497 855 573; x_wconf 85' lang='lat' dir='ltr'>satis</span> <span class='ocrx_word' id='word_1_12' title='bbox 879 499 1069 601; x_wconf 78' lang='lat' dir='ltr'>citatque</span> <span class='ocrx_word' id='word_1_13' title='bbox 1093 505 1216 582; x_wconf 91' lang='lat' dir='ltr'>hono-</span> 
     </span>
     <span class='ocr_line' id='line_1_3' title="bbox 59 614 1215 720; baseline 0.01 -31"><span class='ocrx_word' id='word_1_14' title='bbox 59 614 183 689; x_wconf 85' lang='lat' dir='ltr'>rifica.</span> <span class='ocrx_word' id='word_1_15' title='bbox 241 614 294 691; x_wconf 87' lang='lat' dir='ltr'>Et</span> <span class='ocrx_word' id='word_1_16' title='bbox 325 638 488 690; x_wconf 80' lang='lat' dir='ltr'>coenam</span> <span class='ocrx_word' id='word_1_17' title='bbox 526 616 719 715; x_wconf 75' lang='lat' dir='ltr'>Thyestae</span> <span class='ocrx_word' id='word_1_18' title='bbox 752 618 833 693; x_wconf 86' lang='lat' dir='ltr'>sive</span> <span class='ocrx_word' id='word_1_19' title='bbox 861 620 1044 719; x_wconf 80' lang='lat' dir='ltr'>prandia</span> <span class='ocrx_word' id='word_1_20' title='bbox 1079 651 1215 720; x_wconf 81' lang='lat' dir='ltr'>regum</span> 
     </span>
     <span class='ocr_line' id='line_1_4' title="bbox 59 734 1215 838; baseline 0.007 -27"><span class='ocrx_word' id='word_1_21' title='bbox 59 758 84 811; x_wconf 84' lang='lat' dir='ltr'>a</span> <span class='ocrx_word' id='word_1_22' title='bbox 108 742 191 809; x_wconf 89' lang='lat' dir='ltr'>tam</span> <span class='ocrx_word' id='word_1_23' title='bbox 214 734 345 809; x_wconf 88' lang='lat' dir='ltr'>multis</span> <span class='ocrx_word' id='word_1_24' title='bbox 368 735 493 833; x_wconf 90' lang='lat' dir='ltr'>poetis</span> <span class='ocrx_word' id='word_1_25' title='bbox 512 734 665 835; x_wconf 78' lang='lat' dir='ltr'><strong>tragicis</strong></span> <span class='ocrx_word' id='word_1_26' title='bbox 690 742 851 811; x_wconf 85' lang='lat' dir='ltr'>tractata</span> <span class='ocrx_word' id='word_1_27' title='bbox 876 762 962 814; x_wconf 87' lang='lat' dir='ltr'>csse</span> <span class='ocrx_word' id='word_1_28' title='bbox 982 750 1144 838; x_wconf 67' lang='lat' dir='ltr'>censat,</span> <span class='ocrx_word' id='word_1_29' title='bbox 1170 754 1215 820; x_wconf 94' lang='lat' dir='ltr'>ut</span> 
     </span>
     <span class='ocr_line' id='line_1_5' title="bbox 59 854 1216 958; baseline 0.009 -30"><span class='ocrx_word' id='word_1_30' title='bbox 59 854 104 928; x_wconf 89' lang='lat' dir='ltr'>iu</span> <span class='ocrx_word' id='word_1_31' title='bbox 127 878 271 955; x_wconf 86' lang='lat' dir='ltr'>genere</span> <span class='ocrx_word' id='word_1_32' title='bbox 295 879 368 952; x_wconf 91' lang='lat' dir='ltr'>pro</span> <span class='ocrx_word' id='word_1_33' title='bbox 393 854 531 952; x_wconf 85' lang='lat' dir='ltr'>quovis</span> <span class='ocrx_word' id='word_1_34' title='bbox 556 854 840 955; x_wconf 86' lang='lat' dir='ltr'>tragoediarum</span> <span class='ocrx_word' id='word_1_35' title='bbox 864 869 1089 958; x_wconf 86' lang='lat' dir='ltr'>argumento</span> <span class='ocrx_word' id='word_1_36' title='bbox 1113 864 1216 938; x_wconf 86' lang='lat' dir='ltr'>dice-</span> 
     </span>
     <span class='ocr_line' id='line_1_6' title="bbox 59 972 1216 1071; baseline 0.008 -23"><span class='ocrx_word' id='word_1_37' title='bbox 59 982 219 1067; x_wconf 88' lang='lat' dir='ltr'>rentur,</span> <span class='ocrx_word' id='word_1_38' title='bbox 244 972 303 1047; x_wconf 90' lang='lat' dir='ltr'>uti</span> <span class='ocrx_word' id='word_1_39' title='bbox 328 972 482 1071; x_wconf 90' lang='lat' dir='ltr'>copiose</span> <span class='ocrx_word' id='word_1_40' title='bbox 508 974 654 1048; x_wconf 78' lang='lat' dir='ltr'>docebo</span> <span class='ocrx_word' id='word_1_41' title='bbox 679 972 780 1047; x_wconf 77' lang='lat' dir='ltr'>irrita</span> <span class='ocrx_word' id='word_1_42' title='bbox 804 984 832 1064; x_wconf 86' lang='lat'>§.</span> <span class='ocrx_word' id='word_1_43' title='bbox 852 976 913 1048; x_wconf 81' lang='lat'>13.</span> <span class='ocrx_word' id='word_1_44' title='bbox 939 977 985 1051; x_wconf 92' lang='lat' dir='ltr'>N.</span> <span class='ocrx_word' id='word_1_45' title='bbox 1003 981 1067 1054; x_wconf 81' lang='lat'>67.</span> <span class='ocrx_word' id='word_1_46' title='bbox 1120 983 1216 1057; x_wconf 83' lang='lat' dir='ltr'>Veri</span> 
     </span>
     <span class='ocr_line' id='line_1_7' title="bbox 60 1091 1215 1186; baseline 0.007 -19"><span class='ocrx_word' id='word_1_47' title='bbox 60 1091 182 1167; x_wconf 87' lang='lat' dir='ltr'>etiam</span> <span class='ocrx_word' id='word_1_48' title='bbox 215 1098 272 1167; x_wconf 89' lang='lat' dir='ltr'>est</span> <span class='ocrx_word' id='word_1_49' title='bbox 304 1092 563 1186; x_wconf 87' lang='lat' dir='ltr'>simillimum,</span> <span class='ocrx_word' id='word_1_50' title='bbox 597 1116 620 1166; x_wconf 92' lang='lat' dir='ltr'>a</span> <span class='ocrx_word' id='word_1_51' title='bbox 644 1091 760 1167; x_wconf 89' lang='lat' dir='ltr'>Vario</span> <span class='ocrx_word' id='word_1_52' title='bbox 789 1095 1036 1170; x_wconf 84' lang='lat' dir='ltr'>observatum</span> <span class='ocrx_word' id='word_1_53' title='bbox 1061 1124 1146 1174; x_wconf 85' lang='lat' dir='ltr'>esse</span> <span class='ocrx_word' id='word_1_54' title='bbox 1172 1102 1215 1175; x_wconf 91' lang='lat' dir='ltr'>in</span> 
     </span>
     <span class='ocr_line' id='line_1_8' title="bbox 60 1208 1088 1312; baseline 0.007 -27"><span class='ocrx_word' id='word_1_55' title='bbox 60 1208 258 1308; x_wconf 78' lang='lat' dir='ltr'><strong>Thyeste,</strong></span> <span class='ocrx_word' id='word_1_56' title='bbox 292 1212 399 1311; x_wconf 89' lang='lat' dir='ltr'>quod</span> <span class='ocrx_word' id='word_1_57' title='bbox 422 1210 489 1286; x_wconf 92' lang='lat' dir='ltr'>ille</span> <span class='ocrx_word' id='word_1_58' title='bbox 512 1210 712 1285; x_wconf 90' lang='lat' dir='ltr'>Pisonibus</span> <span class='ocrx_word' id='word_1_59' title='bbox 737 1214 922 1312; x_wconf 83' lang='lat' dir='ltr'>praecipit</span> <span class='ocrx_word' id='word_1_60' title='bbox 947 1242 984 1291; x_wconf 88' lang='lat' dir='ltr'>v.</span> <span class='ocrx_word' id='word_1_61' title='bbox 1002 1220 1088 1292; x_wconf 89' lang='lat'><strong>182.</strong></span> 
     </span>
     <span class='ocr_line' id='line_1_9' title="bbox 423 1328 810 1405; baseline 0 0"><span class='ocrx_word' id='word_1_62' title='bbox 423 1330 518 1405; x_wconf 82' lang='lat' dir='ltr'>Nou</span> <span class='ocrx_word' id='word_1_63' title='bbox 542 1342 675 1403; x_wconf 77' lang='lat' dir='ltr'>tornea</span> <span class='ocrx_word' id='word_1_64' title='bbox 698 1328 810 1405; x_wconf 73' lang='lat' dir='ltr'>intua</span> 
     </span>
    </p>

    <p class='ocr_par' dir='ltr' id='par_1_3' title="bbox 111 1446 1145 1551">
     <span class='ocr_line' id='line_1_10' title="bbox 111 1446 1145 1551; baseline 0.007 -29"><span class='ocrx_word' id='word_1_65' title='bbox 111 1448 251 1545; x_wconf 76' lang='lat' dir='ltr'>Digna</span> <span class='ocrx_word' id='word_1_66' title='bbox 272 1446 363 1546; x_wconf 79' lang='lat' dir='ltr'>geri</span> <span class='ocrx_word' id='word_1_67' title='bbox 379 1472 537 1549; x_wconf 67' lang='lat' dir='ltr'>prm</span> <span class='ocrx_word' id='word_1_68' title='bbox 560 1448 607 1523; x_wconf 81' lang='lat' dir='ltr'>ia</span> <span class='ocrx_word' id='word_1_69' title='bbox 632 1474 789 1523; x_wconf 80' lang='lat' dir='ltr'>scenam</span> <span class='ocrx_word' id='word_1_70' title='bbox 812 1451 1012 1551; x_wconf 75' lang='lat' dir='ltr'>multoque</span> <span class='ocrx_word' id='word_1_71' title='bbox 1035 1456 1145 1529; x_wconf 76' lang='lat' dir='ltr'>tollar</span> 
     </span>
    </p>

    <p class='ocr_par' dir='ltr' id='par_1_4' title="bbox 111 1567 1213 1669">
     <span class='ocr_line' id='line_1_11' title="bbox 111 1567 1213 1669; baseline 0.006 -26"><span class='ocrx_word' id='word_1_72' title='bbox 111 1569 182 1643; x_wconf 75' lang='lat' dir='ltr'>Ex</span> <span class='ocrx_word' id='word_1_73' title='bbox 206 1567 352 1659; x_wconf 78' lang='lat' dir='ltr'>oculic,</span> <span class='ocrx_word' id='word_1_74' title='bbox 378 1593 479 1669; x_wconf 76' lang='lat' dir='ltr'>puae</span> <span class='ocrx_word' id='word_1_75' title='bbox 502 1594 598 1643; x_wconf 77' lang='lat' dir='ltr'>mcx</span> <span class='ocrx_word' id='word_1_76' title='bbox 613 1581 758 1642; x_wconf 79' lang='lat' dir='ltr'>narrat</span> <span class='ocrx_word' id='word_1_77' title='bbox 771 1569 980 1666; x_wconf 65' lang='lat' dir='ltr'>facundia</span> <span class='ocrx_word' id='word_1_78' title='bbox 999 1599 1213 1669; x_wconf 77' lang='lat' dir='ltr'>praescus:</span> 
     </span>
    </p>

    <p class='ocr_par' dir='ltr' id='par_1_5' title="bbox 112 1687 1042 1789">
     <span class='ocr_line' id='line_1_12' title="bbox 112 1687 1042 1789; baseline 0 -27"><span class='ocrx_word' id='word_1_79' title='bbox 112 1687 176 1763; x_wconf 81' lang='lat' dir='ltr'>Ne</span> <span class='ocrx_word' id='word_1_80' title='bbox 199 1713 344 1789; x_wconf 77' lang='lat' dir='ltr'>pueros</span> <span class='ocrx_word' id='word_1_81' title='bbox 366 1712 503 1761; x_wconf 84' lang='lat' dir='ltr'>coram</span> <span class='ocrx_word' id='word_1_82' title='bbox 520 1690 671 1787; x_wconf 81' lang='lat' dir='ltr'>popolo</span> <span class='ocrx_word' id='word_1_83' title='bbox 695 1688 835 1761; x_wconf 81' lang='lat' dir='ltr'>Medea</span> <span class='ocrx_word' id='word_1_84' title='bbox 861 1688 1042 1780; x_wconf 79' lang='lat' dir='ltr'>trucidat,</span> 
     </span>
    </p>

    <p class='ocr_par' dir='ltr' id='par_1_6' title="bbox 109 1805 1211 1906">
     <span class='ocr_line' id='line_1_13' title="bbox 109 1805 1211 1906; baseline 0.005 -25"><span class='ocrx_word' id='word_1_85' title='bbox 109 1805 202 1881; x_wconf 79' lang='lat' dir='ltr'>Aut</span> <span class='ocrx_word' id='word_1_86' title='bbox 215 1808 394 1881; x_wconf 72' lang='lat' dir='ltr'>duntona</span> <span class='ocrx_word' id='word_1_87' title='bbox 408 1806 548 1906; x_wconf 81' lang='lat' dir='ltr'>polum</span> <span class='ocrx_word' id='word_1_88' title='bbox 564 1818 705 1906; x_wconf 76' lang='lat' dir='ltr'>coquat</span> <span class='ocrx_word' id='word_1_89' title='bbox 727 1820 823 1879; x_wconf 74' lang='lat' dir='ltr'>exta</span> <span class='ocrx_word' id='word_1_90' title='bbox 839 1808 1024 1905; x_wconf 71' lang='lat' dir='ltr'>vaefarius</span> <span class='ocrx_word' id='word_1_91' title='bbox 1045 1808 1211 1904; x_wconf 79' lang='lat' dir='ltr'>Atreus,</span> 
     </span>
    </p>

    <p class='ocr_par' dir='ltr' id='par_1_7' title="bbox 109 1924 1213 2021">
     <span class='ocr_line' id='line_1_14' title="bbox 109 1924 1213 2021; baseline 0.006 -21"><span class='ocrx_word' id='word_1_92' title='bbox 109 1924 203 2000; x_wconf 76' lang='lat' dir='ltr'>Aut</span> <span class='ocrx_word' id='word_1_93' title='bbox 233 1924 280 2001; x_wconf 81' lang='lat' dir='ltr'>a&#39;n</span> <span class='ocrx_word' id='word_1_94' title='bbox 311 1951 426 2000; x_wconf 80' lang='lat' dir='ltr'>cvera</span> <span class='ocrx_word' id='word_1_95' title='bbox 449 1928 603 2021; x_wconf 68' lang='lat' dir='ltr'>stagno</span> <span class='ocrx_word' id='word_1_96' title='bbox 626 1936 828 2016; x_wconf 82' lang='lat' dir='ltr'>vertutur,</span> <span class='ocrx_word' id='word_1_97' title='bbox 871 1928 1042 2003; x_wconf 71' lang='lat' dir='ltr'>Gadanus</span> <span class='ocrx_word' id='word_1_98' title='bbox 1066 1928 1113 2004; x_wconf 78' lang='lat' dir='ltr'>iu</span> <span class='ocrx_word' id='word_1_99' title='bbox 1137 1959 1213 2007; x_wconf 82' lang='lat' dir='ltr'>on-</span> 
     </span>
    </p>

    <p class='ocr_par' dir='ltr' id='par_1_8' title="bbox 684 2046 868 2142">
     <span class='ocr_line' id='line_1_15' title="bbox 684 2046 868 2142; baseline 0.016 -3"><span class='ocrx_word' id='word_1_100' title='bbox 684 2046 868 2142; x_wconf 50' lang='lat' dir='ltr'>accub·</span> 
     </span>
    </p>

    <p class='ocr_par' dir='ltr' id='par_1_9' title="bbox 50 2160 1213 2739">
     <span class='ocr_line' id='line_1_16' title="bbox 64 2160 1213 2263; baseline 0.002 -22"><span class='ocrx_word' id='word_1_101' title='bbox 64 2160 140 2241; x_wconf 79' lang='lat' dir='ltr'>Sed</span> <span class='ocrx_word' id='word_1_102' title='bbox 175 2189 230 2241; x_wconf 90' lang='lat' dir='ltr'>ne</span> <span class='ocrx_word' id='word_1_103' title='bbox 261 2165 303 2239; x_wconf 90' lang='lat' dir='ltr'>in</span> <span class='ocrx_word' id='word_1_104' title='bbox 333 2163 395 2239; x_wconf 88' lang='lat' dir='ltr'>his</span> <span class='ocrx_word' id='word_1_105' title='bbox 429 2163 586 2263; x_wconf 88' lang='lat' dir='ltr'>quidem</span> <span class='ocrx_word' id='word_1_106' title='bbox 619 2164 828 2238; x_wconf 73' lang='lat' dir='ltr'>scribendis</span> <span class='ocrx_word' id='word_1_107' title='bbox 860 2172 955 2262; x_wconf 91' lang='lat' dir='ltr'>puto</span> <span class='ocrx_word' id='word_1_108' title='bbox 982 2168 1213 2244; x_wconf 83' lang='lat' dir='ltr'>succurrisse</span> 
     </span>
     <span class='ocr_line' id='line_1_17' title="bbox 60 2280 1212 2385; baseline -0.001 -24"><span class='ocrx_word' id='word_1_109' title='bbox 60 2280 220 2361; x_wconf 88' lang='lat' dir='ltr'>lloratio</span> <span class='ocrx_word' id='word_1_110' title='bbox 245 2284 349 2358; x_wconf 83' lang='lat' dir='ltr'>illam</span> <span class='ocrx_word' id='word_1_111' title='bbox 372 2282 480 2357; x_wconf 84' lang='lat' dir='ltr'>Varii</span> <span class='ocrx_word' id='word_1_112' title='bbox 504 2282 758 2384; x_wconf 85' lang='lat' dir='ltr'>tragoediam,</span> <span class='ocrx_word' id='word_1_113' title='bbox 786 2307 919 2380; x_wconf 87' lang='lat' dir='ltr'>quam,</span> <span class='ocrx_word' id='word_1_114' title='bbox 945 2292 990 2356; x_wconf 90' lang='lat' dir='ltr'>ut</span> <span class='ocrx_word' id='word_1_115' title='bbox 1012 2281 1093 2385; x_wconf 85' lang='lat' dir='ltr'>jam</span> <span class='ocrx_word' id='word_1_116' title='bbox 1116 2288 1212 2380; x_wconf 82' lang='lat' dir='ltr'>dixi,</span> 
     </span>
     <span class='ocr_line' id='line_1_18' title="bbox 55 2400 1212 2481; baseline -0.003 0"><span class='ocrx_word' id='word_1_117' title='bbox 55 2404 182 2481; x_wconf 78' lang='lat' dir='ltr'>semel</span> <span class='ocrx_word' id='word_1_118' title='bbox 217 2410 367 2477; x_wconf 87' lang='lat' dir='ltr'>tantum</span> <span class='ocrx_word' id='word_1_119' title='bbox 402 2400 488 2477; x_wconf 81' lang='lat' dir='ltr'>oua</span> <span class='ocrx_word' id='word_1_120' title='bbox 525 2400 633 2474; x_wconf 89' lang='lat' dir='ltr'>Libr.</span> <span class='ocrx_word' id='word_1_121' title='bbox 658 2401 691 2474; x_wconf 94' lang='lat' dir='ltr'>I.</span> <span class='ocrx_word' id='word_1_122' title='bbox 734 2410 846 2475; x_wconf 84' lang='lat' dir='ltr'>sexta</span> <span class='ocrx_word' id='word_1_123' title='bbox 882 2406 1212 2479; x_wconf 77' lang='lat' dir='ltr'>commemoravit:</span> 
     </span>
     <span class='ocr_line' id='line_1_19' title="bbox 53 2520 1213 2622; baseline 0 -25"><span class='ocrx_word' id='word_1_124' title='bbox 53 2522 167 2597; x_wconf 88' lang='lat' dir='ltr'>unde</span> <span class='ocrx_word' id='word_1_125' title='bbox 194 2521 427 2622; x_wconf 78' lang='lat' dir='ltr'>colligimus,</span> <span class='ocrx_word' id='word_1_126' title='bbox 467 2520 719 2595; x_wconf 79' lang='lat' dir='ltr'>dramaticum</span> <span class='ocrx_word' id='word_1_127' title='bbox 742 2520 840 2593; x_wconf 89' lang='lat' dir='ltr'>illud</span> <span class='ocrx_word' id='word_1_128' title='bbox 866 2544 963 2617; x_wconf 92' lang='lat' dir='ltr'>opus</span> <span class='ocrx_word' id='word_1_129' title='bbox 988 2544 1011 2594; x_wconf 89' lang='lat' dir='ltr'>a</span> <span class='ocrx_word' id='word_1_130' title='bbox 1037 2522 1154 2596; x_wconf 80' lang='lat' dir='ltr'>Vario</span> <span class='ocrx_word' id='word_1_131' title='bbox 1181 2524 1213 2597; x_wconf 88' lang='lat' dir='ltr'>si</span> 
     </span>
     <span class='ocr_line' id='line_1_20' title="bbox 50 2639 1213 2739; baseline 0.001 -23"><span class='ocrx_word' id='word_1_132' title='bbox 50 2666 142 2717; x_wconf 89' lang='lat' dir='ltr'>non</span> <span class='ocrx_word' id='word_1_133' title='bbox 166 2640 333 2734; x_wconf 89' lang='lat' dir='ltr'>editum,</span> <span class='ocrx_word' id='word_1_134' title='bbox 365 2645 470 2715; x_wconf 89' lang='lat' dir='ltr'>certe</span> <span class='ocrx_word' id='word_1_135' title='bbox 496 2639 613 2713; x_wconf 84' lang='lat' dir='ltr'>scribi</span> <span class='ocrx_word' id='word_1_136' title='bbox 638 2647 818 2739; x_wconf 90' lang='lat' dir='ltr'>coeptum</span> <span class='ocrx_word' id='word_1_137' title='bbox 842 2662 929 2714; x_wconf 86' lang='lat' dir='ltr'>esse</span> <span class='ocrx_word' id='word_1_138' title='bbox 955 2648 1044 2715; x_wconf 87' lang='lat' dir='ltr'>ante</span> <span class='ocrx_word' id='word_1_139' title='bbox 1069 2664 1213 2717; x_wconf 87' lang='lat' dir='ltr'>annum</span> 
     </span>
    </p>
   </div>
   <div class='ocr_carea' id='block_1_3' title="bbox 50 2756 298 2836">
    <p class='ocr_par' dir='ltr' id='par_1_10' title="bbox 50 2756 298 2836">
     <span class='ocr_line' id='line_1_21' title="bbox 50 2756 298 2836; baseline -0.012 0"><span class='ocrx_word' id='word_1_140' title='bbox 50 2762 104 2836; x_wconf 85' lang='lat' dir='ltr'>U.</span> <span class='ocrx_word' id='word_1_141' title='bbox 134 2756 180 2833; x_wconf 85' lang='lat' dir='ltr'>G.</span> <span class='ocrx_word' id='word_1_142' title='bbox 207 2758 298 2834; x_wconf 75' lang='lat'><strong>7³4.</strong></span> 
     </span>
    </p>
   </div>
   <div class='ocr_carea' id='block_1_4' title="bbox 576 2980 698 3073">
    <p class='ocr_par' dir='ltr' id='par_1_11' title="bbox 576 2980 698 3073">
     <span class='ocr_line' id='line_1_22' title="bbox 576 2980 698 3073; baseline 0.008 -19"><span class='ocrx_word' id='word_1_143' title='bbox 576 2990 608 3073; x_wconf 83' lang='lat'>§.</span> <span class='ocrx_word' id='word_1_144' title='bbox 638 2980 698 3055; x_wconf 95' lang='lat' dir='ltr'>ll.</span> 
     </span>
    </p>
   </div>
   <div class='ocr_carea' id='block_1_5' title="bbox 57 3164 1212 3620">
    <p class='ocr_par' dir='ltr' id='par_1_12' title="bbox 57 3164 1212 3620">
     <span class='ocr_line' id='line_1_23' title="bbox 163 3164 1211 3270; baseline 0.005 -30"><span class='ocrx_word' id='word_1_145' title='bbox 163 3164 342 3241; x_wconf 79' lang='lat' dir='ltr'>Horatius</span> <span class='ocrx_word' id='word_1_146' title='bbox 365 3166 498 3241; x_wconf 88' lang='lat' dir='ltr'>initam</span> <span class='ocrx_word' id='word_1_147' title='bbox 526 3192 613 3242; x_wconf 92' lang='lat' dir='ltr'>cum</span> <span class='ocrx_word' id='word_1_148' title='bbox 629 3168 790 3270; x_wconf 83' lang='lat' dir='ltr'>Virgilio</span> <span class='ocrx_word' id='word_1_149' title='bbox 812 3174 851 3244; x_wconf 91' lang='lat' dir='ltr'>et</span> <span class='ocrx_word' id='word_1_150' title='bbox 868 3168 982 3244; x_wconf 86' lang='lat' dir='ltr'>Vario</span> <span class='ocrx_word' id='word_1_151' title='bbox 1007 3170 1211 3246; x_wconf 81' lang='lat' dir='ltr'>amicitiam</span> 
     </span>
     <span class='ocr_line' id='line_1_24' title="bbox 57 3285 1212 3387; baseline 0.003 -26"><span class='ocrx_word' id='word_1_152' title='bbox 57 3288 101 3361; x_wconf 90' lang='lat' dir='ltr'>in</span> <span class='ocrx_word' id='word_1_153' title='bbox 134 3285 369 3360; x_wconf 83' lang='lat' dir='ltr'>Maecenatis</span> <span class='ocrx_word' id='word_1_154' title='bbox 404 3288 520 3361; x_wconf 88' lang='lat' dir='ltr'>domo</span> <span class='ocrx_word' id='word_1_155' title='bbox 554 3312 599 3362; x_wconf 85' lang='lat' dir='ltr'>ac</span> <span class='ocrx_word' id='word_1_156' title='bbox 629 3287 842 3386; x_wconf 87' lang='lat' dir='ltr'>patrocinio</span> <span class='ocrx_word' id='word_1_157' title='bbox 875 3313 1128 3387; x_wconf 85' lang='lat' dir='ltr'>peromnem</span> <span class='ocrx_word' id='word_1_158' title='bbox 1153 3289 1212 3364; x_wconf 85' lang='lat' dir='ltr'>vi-</span> 
     </span>
     <span class='ocr_line' id='line_1_25' title="bbox 60 3404 1211 3505; baseline 0.002 -26"><span class='ocrx_word' id='word_1_159' title='bbox 60 3412 143 3479; x_wconf 90' lang='lat' dir='ltr'>tam</span> <span class='ocrx_word' id='word_1_160' title='bbox 174 3404 337 3479; x_wconf 84' lang='lat' dir='ltr'>colebat.</span> <span class='ocrx_word' id='word_1_161' title='bbox 398 3404 497 3481; x_wconf 87' lang='lat' dir='ltr'>llinc</span> <span class='ocrx_word' id='word_1_162' title='bbox 530 3406 688 3505; x_wconf 81' lang='lat' dir='ltr'>pulchre</span> <span class='ocrx_word' id='word_1_163' title='bbox 715 3408 765 3482; x_wconf 93' lang='lat' dir='ltr'>de</span> <span class='ocrx_word' id='word_1_164' title='bbox 791 3406 870 3480; x_wconf 89' lang='lat' dir='ltr'>illis</span> <span class='ocrx_word' id='word_1_165' title='bbox 894 3407 1077 3481; x_wconf 83' lang='lat' dir='ltr'>Martialis</span> <span class='ocrx_word' id='word_1_166' title='bbox 1103 3407 1211 3481; x_wconf 90' lang='lat' dir='ltr'>Libr.</span> 
     </span>
     <span class='ocr_line' id='line_1_26' title="bbox 59 3520 305 3620; baseline 0.012 -25"><span class='ocrx_word' id='word_1_167' title='bbox 59 3520 150 3595; x_wconf 85' lang='lat' dir='ltr'>XII.</span> <span class='ocrx_word' id='word_1_168' title='bbox 176 3520 249 3620; x_wconf 84' lang='lat' dir='ltr'>Ep.</span> <span class='ocrx_word' id='word_1_169' title='bbox 265 3524 305 3598; x_wconf 83' lang='lat'>4.</span> 
     </span>
    </p>
   </div>
   <div class='ocr_carea' id='block_1_6' title="bbox 116 3640 1211 3871">
    <p class='ocr_par' dir='ltr' id='par_1_13' title="bbox 116 3640 1211 3871">
     <span class='ocr_line' id='line_1_27' title="bbox 116 3640 1211 3744; baseline 0 -28"><span class='ocrx_word' id='word_1_170' title='bbox 116 3640 232 3741; x_wconf 76' lang='lat' dir='ltr'>Quod</span> <span class='ocrx_word' id='word_1_171' title='bbox 245 3642 409 3732; x_wconf 81' lang='lat' dir='ltr'>Flacco,</span> <span class='ocrx_word' id='word_1_172' title='bbox 439 3641 639 3744; x_wconf 70' lang='lat' dir='ltr'>Varioque</span> <span class='ocrx_word' id='word_1_173' title='bbox 651 3643 769 3742; x_wconf 77' lang='lat' dir='ltr'>ficit,</span> <span class='ocrx_word' id='word_1_174' title='bbox 797 3669 1021 3744; x_wconf 75' lang='lat' dir='ltr'>somnoque</span> <span class='ocrx_word' id='word_1_175' title='bbox 1033 3642 1211 3737; x_wconf 61' lang='lat' dir='ltr'>Marmar,</span> 
     </span>
     <span class='ocr_line' id='line_1_28' title="bbox 162 3760 1009 3871; baseline 0 -37"><span class='ocrx_word' id='word_1_176' title='bbox 162 3762 374 3871; x_wconf 50' lang='lat' dir='ltr'>Mamertus</span> <span class='ocrx_word' id='word_1_177' title='bbox 401 3760 534 3836; x_wconf 70' lang='lat' dir='ltr'>atavis</span> <span class='ocrx_word' id='word_1_178' title='bbox 556 3761 713 3858; x_wconf 80' lang='lat' dir='ltr'>regibus</span> <span class='ocrx_word' id='word_1_179' title='bbox 738 3774 848 3837; x_wconf 79' lang='lat' dir='ltr'>ortos</span> <span class='ocrx_word' id='word_1_180' title='bbox 874 3788 1009 3862; x_wconf 69' lang='lat' dir='ltr'>eques,-</span> 
     </span>
    </p>
   </div>
   <div class='ocr_carea' id='block_1_7' title="bbox 64 3956 274 3969">
    <p class='ocr_par' dir='ltr' id='par_1_14' title="bbox 64 3956 274 3969">
     <span class='ocr_line' id='line_1_29' title="bbox 64 3956 274 3969; baseline 0 -2"><span class='ocrx_word' id='word_1_181' title='bbox 64 3956 274 3969; x_wconf 49' lang='grc' dir='ltr'>σῳ.-</span> 
     </span>
    </p>
   </div>
   <div class='ocr_carea' id='block_1_8' title="bbox 58 4064 1211 4498">
    <p class='ocr_par' dir='ltr' id='par_1_15' title="bbox 58 4064 1211 4498">
     <span class='ocr_line' id='line_1_30' title="bbox 146 4064 1211 4149; baseline 0.002 -18"><span class='ocrx_word' id='word_1_182' title='bbox 146 4070 203 4139; x_wconf 80' lang='grc'>64)</span> <span class='ocrx_word' id='word_1_183' title='bbox 224 4064 314 4129; x_wconf 78' lang='lat' dir='ltr'>Hanc</span> <span class='ocrx_word' id='word_1_184' title='bbox 330 4080 507 4146; x_wconf 79' lang='lat' dir='ltr'>postremum</span> <span class='ocrx_word' id='word_1_185' title='bbox 526 4090 642 4131; x_wconf 81' lang='lat' dir='ltr'>versum</span> <span class='ocrx_word' id='word_1_186' title='bbox 664 4076 737 4133; x_wconf 87' lang='grc'><strong>187.</strong></span> <span class='ocrx_word' id='word_1_187' title='bbox 759 4066 796 4130; x_wconf 71' lang='lat' dir='ltr'>a&#39;d</span> <span class='ocrx_word' id='word_1_188' title='bbox 816 4069 945 4132; x_wconf 85' lang='lat' dir='ltr'>Varium</span> <span class='ocrx_word' id='word_1_189' title='bbox 963 4070 1069 4132; x_wconf 84' lang='lat' dir='ltr'>reserat</span> <span class='ocrx_word' id='word_1_190' title='bbox 1090 4072 1137 4149; x_wconf 83' lang='lat' dir='ltr'>is,</span> <span class='ocrx_word' id='word_1_191' title='bbox 1160 4073 1211 4149; x_wconf 82' lang='lat' dir='ltr'>(pri</span> 
     </span>
     <span class='ocr_line' id='line_1_31' title="bbox 61 4154 1211 4233; baseline 0.003 -20"><span class='ocrx_word' id='word_1_192' title='bbox 61 4154 116 4214; x_wconf 68' lang='lat' dir='ltr'>ubi</span> <span class='ocrx_word' id='word_1_193' title='bbox 143 4155 183 4215; x_wconf 71' lang='lat' dir='ltr'>ab</span> <span class='ocrx_word' id='word_1_194' title='bbox 211 4154 397 4217; x_wconf 79' lang='lat' dir='ltr'>Heerkensio</span> <span class='ocrx_word' id='word_1_195' title='bbox 424 4156 446 4217; x_wconf 97' lang='lat' dir='ltr'>l.</span> <span class='ocrx_word' id='word_1_196' title='bbox 467 4177 494 4218; x_wconf 88' lang='lat' dir='ltr'>c.</span> <span class='ocrx_word' id='word_1_197' title='bbox 524 4177 555 4232; x_wconf 89' lang='lat' dir='ltr'>p.</span> <span class='ocrx_word' id='word_1_198' title='bbox 574 4162 627 4217; x_wconf 75' lang='lat'>49.</span> <span class='ocrx_word' id='word_1_199' title='bbox 649 4156 823 4232; x_wconf 83' lang='lat' dir='ltr'>producente</span> <span class='ocrx_word' id='word_1_200' title='bbox 845 4154 1020 4218; x_wconf 87' lang='lat' dir='ltr'>Priscianum</span> <span class='ocrx_word' id='word_1_201' title='bbox 1042 4159 1211 4233; x_wconf 83' lang='lat' dir='ltr'>persuaderi</span> 
     </span>
     <span class='ocr_line' id='line_1_32' title="bbox 61 4238 1210 4322; baseline 0.001 -22"><span class='ocrx_word' id='word_1_202' title='bbox 61 4260 163 4315; x_wconf 76' lang='lat' dir='ltr'>parm</span> <span class='ocrx_word' id='word_1_203' title='bbox 191 4251 254 4317; x_wconf 79' lang='lat' dir='ltr'>set,</span> <span class='ocrx_word' id='word_1_204' title='bbox 291 4242 323 4301; x_wconf 89' lang='lat' dir='ltr'>iu</span> <span class='ocrx_word' id='word_1_205' title='bbox 350 4242 507 4319; x_wconf 74' lang='lat' dir='ltr'>tragoediis</span> <span class='ocrx_word' id='word_1_206' title='bbox 529 4238 666 4314; x_wconf 71' lang='lat' dir='ltr'>xcvi„</span> <span class='ocrx_word' id='word_1_207' title='bbox 706 4263 779 4319; x_wconf 81' lang='lat' dir='ltr'>quas</span> <span class='ocrx_word' id='word_1_208' title='bbox 810 4244 846 4303; x_wconf 86' lang='lat' dir='ltr'>sb</span> <span class='ocrx_word' id='word_1_209' title='bbox 875 4245 930 4304; x_wconf 91' lang='lat' dir='ltr'>illo</span> <span class='ocrx_word' id='word_1_210' title='bbox 960 4248 1080 4322; x_wconf 84' lang='lat' dir='ltr'>scriptas</span> <span class='ocrx_word' id='word_1_211' title='bbox 1109 4245 1210 4319; x_wconf 79' lang='lat' dir='ltr'>refert,</span> 
     </span>
     <span class='ocr_line' id='line_1_33' title="bbox 60 4325 1211 4405; baseline -0.001 -18"><span class='ocrx_word' id='word_1_212' title='bbox 60 4325 148 4387; x_wconf 70' lang='lat' dir='ltr'>fisse</span> <span class='ocrx_word' id='word_1_213' title='bbox 178 4328 268 4387; x_wconf 78' lang='lat' dir='ltr'>etiarn</span> <span class='ocrx_word' id='word_1_214' title='bbox 300 4326 431 4387; x_wconf 75' lang='lat' dir='ltr'>Ter-auur</span> <span class='ocrx_word' id='word_1_215' title='bbox 458 4348 512 4389; x_wconf 85' lang='lat' dir='ltr'>seu</span> <span class='ocrx_word' id='word_1_216' title='bbox 538 4326 696 4403; x_wconf 73' lang='lat' dir='ltr'>Prognes,</span> <span class='ocrx_word' id='word_1_217' title='bbox 726 4332 808 4401; x_wconf 81' lang='lat' dir='ltr'>cujus</span> <span class='ocrx_word' id='word_1_218' title='bbox 836 4330 974 4405; x_wconf 85' lang='lat' dir='ltr'>reliquias</span> <span class='ocrx_word' id='word_1_219' title='bbox 1002 4350 1036 4393; x_wconf 84' lang='lat' dir='ltr'>ss</span> <span class='ocrx_word' id='word_1_220' title='bbox 1064 4329 1211 4405; x_wconf 79' lang='lat' dir='ltr'>reperisse</span> 
     </span>
     <span class='ocr_line' id='line_1_34' title="bbox 58 4408 974 4498; baseline 0.005 -25"><span class='ocrx_word' id='word_1_221' title='bbox 58 4412 211 4490; x_wconf 65' lang='lat' dir='ltr'>gloriatur.</span> <span class='ocrx_word' id='word_1_222' title='bbox 254 4408 318 4474; x_wconf 73' lang='lat' dir='ltr'>ssd</span> <span class='ocrx_word' id='word_1_223' title='bbox 337 4410 503 4477; x_wconf 77' lang='lat' dir='ltr'>Priscianus</span> <span class='ocrx_word' id='word_1_224' title='bbox 520 4412 576 4475; x_wconf 77' lang='lat' dir='ltr'>ills</span> <span class='ocrx_word' id='word_1_225' title='bbox 596 4412 633 4474; x_wconf 84' lang='lat' dir='ltr'>de</span> <span class='ocrx_word' id='word_1_226' title='bbox 654 4433 688 4475; x_wconf 83' lang='lat' dir='ltr'>re</span> <span class='ocrx_word' id='word_1_227' title='bbox 708 4434 746 4475; x_wconf 84' lang='lat' dir='ltr'>ne</span> <span class='ocrx_word' id='word_1_228' title='bbox 765 4414 823 4498; x_wconf 71' lang='grc' dir='ltr'>γρῦ</span> <span class='ocrx_word' id='word_1_229' title='bbox 842 4415 974 4493; x_wconf 81' lang='lat' dir='ltr'>quidem!</span> 
     </span>
    </p>
   </div>
   <div class='ocr_carea' id='block_1_9' title="bbox 0 0 1340 5294">
    <p class='ocr_par' dir='ltr' id='par_1_16' title="bbox 0 0 1340 5294">
     <span class='ocr_line' id='line_1_35' title="bbox 0 0 1340 5294; baseline 0 2"><span class='ocrx_word' id='word_1_230' title='bbox 0 0 1340 5294; x_wconf 95' lang='lat' dir='ltr'> </span> 
     </span>
    </p>
   </div>
  </div>
 </body>
</html>
