2670 5294
376 273 425 322 nn
453 272 588 322 cessio
618 274 839 323 nannmsss.
1116 250 1189 325 245

25 427 51 503 ὃ
84 432 296 519 Κικίριονος,
327 429 385 497 καὶ
412 427 489 499 ὅσοι
513 428 609 498 ἄλλοι
639 435 706 498 τῶν
733 430 908 519 ἐπιφανῶν
937 429 973 499 ἐκ
990 434 1049 519 τῆς
1074 433 1189 501 Θάσου

26 530 323 623 διεπεφεύγεσαν·
345 532 400 599 καὶ
421 533 502 615 ταχὺ
520 534 656 621 πλῆθος
675 525 731 621 ἦν,
761 533 818 600 καὶ
840 527 990 613 σύνταξις
1011 529 1191 622 ἀξιόχρεως

29 632 214 729 ἡγεμόνων
243 659 280 701 τε
307 632 363 701 καί
393 636 536 722 στρατοῦ
565 635 621 701 καί
650 638 742 702 νεῶν.
794 635 1047 723 Προσλαβόντες
1076 635 1190 704 δὲκαὶ

31 738 203 807 Λέπιδον
220 731 299 821 μεθ’
320 732 434 824 ἑτέρας
456 733 645 819 δυνάμεως,
680 729 703 819 ἢ
723 733 863 826 Βρούτῳ
885 734 1073 803 καθίστατο
1098 736 1191 827 Κρή-

33 864 121 928 την,
144 836 230 928 πρὸς
252 841 414 928 Μοῦρκον
436 837 493 903 καὶ
513 835 676 920 Δομίτιον
694 834 929 925 Ἀηνόβαρβον,
968 837 1025 905 e'rrl
1046 835 1192 927 μεγάλης

36 940 216 1025 δυνάμεως
239 932 354 1022 lictus,
387 937 423 1018 ἒς
447 939 505 1007 τὸν
528 933 643 1005 Ἰόνιον
667 940 832 1007 διέπλεον.
878 940 932 1007 καὶ
952 935 1060 1006 αὐτῶν
1079 937 1110 1007 oi
1130 940 1192 1025 μὲν

38 1040 116 1127 ἅμα
138 1046 186 1129 τῷ
202 1040 353 1131 Μούρκῳ
369 1040 567 1108 διέπλευσαν
587 1039 621 1119 ἐς
638 1039 806 1116 Σικελίαν,
830 1041 885 1108 καὶ
910 1040 969 1130 τὴν
988 1038 1078 1124 ίσχύν
1092 1046 1190 1126 Πομ-

38 1142 136 1231 πηΐῳ
158 1142 287 1231 Σέξστῳ
316 1146 485 1232 συνῆψαν·
516 1139 547 1209 oi
575 1141 612 1209 δὲ
638 1142 832 1225 κατίιιειναν
852 1143 945 1233 παρὰ
967 1138 1188 1233 Ἀηνοβάρβῳ,

40 1243 102 1311 καὶ
137 1242 197 1332 τὴν
225 1244 353 1334 αἳρεσιν
380 1240 440 1334 ἐφ’
477 1240 602 1311 ἑαυτῶν
632 1242 848 1310 καθίσταντο.
913 1245 1034 1312 Τοιάδε
1062 1245 1123 1329 μὲν
1154 1245 1191 1314 ἐκ

40 1349 111 1413 τῶν
124 1344 293 1427 λειψάνων
309 1353 367 1434 τῆς
384 1350 597 1434 παρασκευῆς
611 1342 764 1412 Κασσίου
779 1371 815 1412 τε
833 1346 889 1413 καὶ
905 1347 1055 1437 Βρούτου
1071 1352 1190 1437 πρῶτα

42 1443 281 1523 συνίστατολῑ).

123 1551 271 1626 Cassius
299 1550 513 1624 Parmensis
538 1551 654 1651 igitur
687 1551 988 1649 proculdubio,
1023 1579 1109 1628 ccam
1134 1553 1187 1628 M.

41 1670 232 1745 Antonius
259 1669 346 1744 Cos.
372 1669 516 1743 Romae
543 1670 672 1743 omitia
697 1670 858 1743 miscere
885 1672 1093 1768 coepisset,
1126 1698 1190 1749 re-

42 1790 133 1865 licta
160 1814 250 1867 cnm
276 1788 317 1863 G.
340 1787 469 1863 Cassio
497 1796 534 1862 et
558 1787 610 1862 M.
632 1788 752 1861 Bruto
779 1787 886 1861 Italia
912 1790 954 1861 in
969 1791 1102 1864 Asiam
1126 1790 1189 1866 lu-

41 1916 153 2011 geret
175 1908 332 1983 ineunte
365 1930 498 1982 menso
520 1905 736 2008 Septembri
762 1908 850 1981 anni
876 1907 920 1981 U.
941 1906 983 1982 C.
1001 1913 1089 1986 710.
1115 1911 1189 1986 11νί-

131 2221 187 2287 31)
217 2210 346 2275 Prudens
374 2217 525 2291 sciensque
553 2216 810 2276 transscribendum
832 2219 929 2275 curavi
958 2219 1102 2295 integrum
1124 2216 1188 2295 Ap·

42 2302 125 2379 pieni
152 2303 264 2378 locum,
298 2303 380 2376 utqui
409 2304 490 2360 testis
519 2304 556 2359 sit
585 2302 622 2360 dc
654 2298 755 2360 Cassio
788 2300 937 2361 Parmensi
963 2307 1083 2377 eiusque
1104 2306 1189 2364 rebus

41 2389 136 2463 gestis
164 2386 316 2445 admodum
339 2387 473 2445 disertus.
524 2384 656 2444 Rhodios
678 2383 858 2445 Caesarianis
880 2388 1006 2446 serentes
1028 2390 1081 2446 sub
1102 2390 1189 2449 finem

42 2474 112 2531 anui
134 2469 173 2531 U.
195 2468 231 2531 C.
253 2478 329 2533 711.
360 2472 469 2546 proelio
497 2473 592 2532 navali
623 2471 767 2530 devicerat
788 2468 823 2530 C.
848 2468 965 2532 Cassius
988 2484 1016 2533 et
1038 2485 1124 2533 totam
1146 2478 1190 2533 in·

43 2558 159 2634 sulam,
186 2577 249 2616 reus
272 2558 404 2616 immanis
426 2558 521 2631 operis
528 2599 537 2627 ,
567 2568 599 2615 ut
620 2559 659 2614 ait
680 2553 817 2629 Velleius
839 2556 903 2617 Pat.
925 2556 1007 2618 Libe.
1024 2556 1066 2618 ll.
1089 2581 1115 2621 c.
1137 2566 1189 2621 09.

43 2646 76 2715 ς.
106 2648 158 2717 6.,
195 2644 253 2701 acri
284 2654 369 2715 etque
399 2644 592 2717 prosperrimo
625 2642 706 2699 bello.
734 2653 866 2718 ceperat,
904 2652 978 2702 teste
997 2643 1190 2719 Appianoda

43 2726 84 2788 B.
108 2724 172 2785 Cis.
195 2724 278 2786 Libe.
297 2724 356 2787 lv.
378 2748 403 2785 c.
420 2731 472 2787 05.
486 2746 550 2801 sqq.
594 2725 672 2785 Hinc
692 2722 856 2787 Parmensis
879 2724 1015 2804 Cassius,
1045 2744 1190 2806 comperta

45 2809 82 2873 C.
100 2808 197 2871 Cassii
215 2811 292 2887 apud
312 2811 463 2886 Plailipmos
488 2822 592 2883 morte,
624 2812 747 2871 classem
768 2834 848 2871 arsam
870 2810 1049 2873 Rhodiorum
1070 2819 1189 2876 navibus

45 2898 162 2975 triginta
190 2900 271 2957 suxit
296 2909 330 2957 et>
356 2898 485 2971 reliquas
512 2896 655 2971 incendit,
696 2908 731 2954 ut
758 2898 801 2955 ilii
831 2919 878 2957 res
906 2920 995 2958 rroaas
1016 2901 1111 2960 moliri
1133 2923 1189 2960 non

44 2992 174 3059 possem.
227 2980 293 3043 lam
323 2979 446 3043 Clodius
475 3001 591 3057 quoqne
610 3002 627 3039 a
648 2978 694 3041 M.
718 2979 811 3041 Bruto
833 2994 896 3057 post
919 2980 954 3045 C.
974 2981 1068 3045 Cassii
1091 3007 1188 3045 necem

43 3070 154 3129 missus
173 3067 305 3144 videtur,
326 3078 359 3126 ut
380 3078 430 3127 east
451 3068 614 3143 invigilaret
634 3064 756 3126 lilsodiis
777 3089 874 3127 rerum
889 3090 1026 3129 novarum
1039 3071 1188 3144 studiosis,

45 3164 95 3215 sui
116 3152 292 3229 praesidium
321 3153 389 3213 iude
417 3152 569 3211 deductum
601 3150 750 3227 Philippos
772 3154 933 3213 adduceret.
978 3154 1056 3229 Sed,
1084 3155 1188 3217 Clodio

44 3236 183 3299 lllsodusu
202 3240 373 3314 navigante,
403 3234 449 3297 M.
475 3235 584 3297 Brutus
605 3240 745 3314 vigesimo
768 3250 834 3313 post
855 3242 975 3312 primam
997 3261 1121 3315 pirgum
1141 3240 1188 3300 die

44 3328 151 3384 iterum
172 3324 320 3400 confligit,
346 3324 470 3383 vincitur
491 3343 524 3382 ac
545 3325 636 3397 perit:
673 3344 732 3397 qaia
749 3344 782 3381 re
810 3322 912 3381 andita
929 3320 1048 3382 Clodius
1070 3344 1102 3383 ae
1124 3346 1188 3383 cina

45 3407 150 3469 Cassio
180 3406 328 3469 Parmensi
357 3410 514 3485 conjungit.
560 3406 646 3467 Hunc
672 3406 807 3467 Clodium
829 3405 948 3483 Pighius
969 3406 1077 3468 Arrsral.
1101 3407 1189 3470 Rom.

44 3494 132 3557 Tam.
146 3491 204 3556 Ill.
227 3515 256 3570 p.
269 3498 342 3557 478.
364 3496 428 3555 sine
450 3504 526 3553 certo
547 3504 664 3553 anctore
684 3495 781 3552 statuit
803 3489 962 3551 Tribunum
985 3494 1077 3567 plebis
1097 3495 1189 3554 titisse

46 3600 75 3640 a.
91 3576 133 3639 ll.
152 3576 188 3639 C·
205 3586 279 3641 710.
302 3599 328 3639 s.
350 3587 424 3642 711.
470 3577 504 3638 ld
529 3591 623 3638 eutem
646 3577 716 3637 mihi
737 3599 794 3637 uon
815 3578 933 3636 dnbisun
955 3590 999 3637 est
1019 3581 1088 3652 quin
1111 3579 1189 3639 idem

46 3666 85 3725 sit
104 3664 159 3723 ille
177 3660 214 3725 C.
238 3662 376 3739 Clodius,
414 3666 464 3740 qui
486 3661 521 3725 C.
541 3663 701 3722 Antonium
712 3690 725 3739 ,·
757 3661 913 3722 Trimnviri
935 3664 1070 3737 fratrem,
1103 3662 1188 3726 aM.

44 3748 140 3811 Bruta
168 3750 200 3809 ia
219 3750 377 3809 custodiam
407 3752 463 3824 ipsi
490 3748 629 3808 traditum
649 3749 824 3822 Apolloniae
846 3749 1025 3808 interfecisse
1047 3749 1189 3809 dicitnra

46 3832 146 3896 Diona
154 3832 479 3897 cusentiaxhvit.
501 3856 527 3894 c.
544 3840 595 3893 24.
639 3832 809 3893 Conferatnr
819 3832 1037 3893 Drakenborch.
1061 3835 1098 3894 ad
1109 3833 1188 3895 Livii

44 3918 174 3997 Epitous.
197 3917 280 3980 Liar.
296 3926 369 3981 121.
413 3916 533 3980 Praeter
552 3917 687 3981 Clodium
719 3930 748 3979 et
774 3918 961 3993 Turullium,
994 3917 1095 3980 Cassio
1118 3918 1189 3981 Par·

44 4006 138 4065 nessi
165 4024 199 4065 se
228 4005 361 4081 djuuxit
390 4007 478 4065 etiam
506 4002 560 4063 M.
586 4006 707 4065 Tullius
729 4005 848 4077 Cicero,
879 4002 924 4065 M.
948 4005 1044 4081 iilius,
1074 4006 1111 4065 de
1132 4031 1191 4083 qno

45 4090 112 4153 side
133 4086 261 4151 Excurs.
279 4088 339 4151 lv.
388 4089 438 4150 De
459 4086 597 4167 Lepido,
626 4111 711 4166 quem
732 4111 796 4150 eum
818 4092 873 4149 alia
894 4111 997 4165 suanir,
1026 4103 1058 4150 ut
1078 4092 1191 4169 Appia·

44 4194 102 4235 sss
125 4185 241 4251 narrat,
272 4171 394 4236 Cassius
423 4172 586 4236 Parmensis
607 4178 782 4250 assumpsit,
815 4174 888 4235 uilril
906 4178 976 4237 certi
997 4177 1052 4236 dici
1075 4191 1187 4254 potest:

43 4258 330 4411 &di-mm
359 4262 538 4342 suspicatur,
575 4282 643 4323 eum
670 4281 736 4324 ease
764 4260 859 4322 filium
886 4258 925 4324 [ι.
948 4260 1072 4324 Aemilii
1091 4263 1186 4338 Pauli,

190 4366 331 4411 mm·
