2670 5294
390 282 440 331 oa
466 284 604 333 cassio
632 286 852 335 rnnsrrssr.
1125 265 1202 338 283

52 443 158 519 anim
182 442 311 543 prius,
337 468 474 543 qrranr,
500 468 683 543 oppressa
708 446 978 521 a'l'riumriris
993 449 1201 546 republica,

53 562 237 639 Sullanae
253 564 538 662 proscriptionis
553 564 730 638 atrocitas
745 565 938 657 rediisset,
965 567 1108 640 [rbem
1126 564 1201 666 jam

51 680 272 777 reliquerat.
322 682 375 756 At
398 684 492 757 illud
518 684 691 757 animum
716 684 880 757 advertit
903 708 1055 777 meum,
1086 690 1201 783 quod,

53 823 155 897 quaa
187 799 262 873 illis
294 801 421 876 verbis
456 801 609 875 Caesari
645 799 854 876 Octaviano
889 806 1034 901 probro
1074 806 1203 879 lraltita

53 925 115 993 est
139 918 291 1019 generis
316 920 549 1019 ignobilitas,
590 944 679 994 eam
703 922 818 995 etiam
844 922 1014 1012 Cassius,
1050 924 1203 1020 dequo

53 1037 224 1137 agimus,
267 1037 439 1112 acerbius
473 1037 686 1113 ludificatus
720 1050 788 1113 est.
847 1039 963 1133 llam,
1002 1050 1045 1115 ut
1070 1050 1202 1115 auctor

52 1166 113 1231 est
137 1154 344 1231 Suetonius
369 1156 408 1229 iu
436 1157 533 1259 Aug.
559 1180 595 1231 c.
611 1158 671 1254 4.,
697 1156 848 1233 Cassius
865 1160 1080 1233 Parmensis
1105 1186 1202 1258 qua-

53 1276 146 1347 dam
171 1276 333 1373 epistola
366 1300 446 1349 non
477 1284 623 1350 mutum
655 1285 698 1351 nt
722 1278 891 1375 pistoris,
927 1279 1136 1351 sedetiam
1161 1287 1202 1352 ut

51 1393 258 1467 nrunularii
291 1405 495 1493 nepotem,
542 1396 599 1469 sic
631 1397 781 1471 taxavit
812 1396 1042 1495 Arrgustrun:
1080 1400 1203 1486 „dla-

55 1522 175 1585 ternn
215 1510 292 1586 tibi
317 1513 473 1611 farina
506 1526 564 1588 est
598 1540 652 1587 es·
682 1512 915 1587 crudissinw
946 1512 1112 1587 Ariciae
1137 1515 1204 1613 pi·

51 1629 205 1705 strino:
254 1631 361 1705 banc
394 1631 519 1731 pinsit
559 1631 745 1706 nmmbus
784 1630 929 1730 collybo
970 1632 1204 1705 decoloratis

51 1746 337 1823 Nerulonensis
359 1751 637 1825 mernarius!“

160 1866 355 1943 Habemus
387 1869 505 1969 igitur
538 1869 792 1971 fragmentum
828 1867 1010 1966 epistolae
1046 1865 1203 1968 alicujus

53 2008 80 2059 a
105 1983 237 2062 Cassio
261 1986 457 2061 Parmensi
474 1988 524 2061 ad
540 1988 742 2063 Caesarem
760 1985 1008 2062 Octavianum
1025 1990 1201 2087 scriptae,

54 2125 176 2201 qrram
201 2102 396 2179 Emcstius
419 2131 498 2179 non
518 2106 705 2181 diversam
723 2132 808 2181 esse
826 2116 932 2205 putat
948 2108 996 2179 ab
1011 2130 1068 2197 ca,
1096 2104 1203 2205 cujus

53 2221 232 2296 meminit
256 2222 400 2299 Plinius
425 2224 469 2298 N.
493 2226 541 2297 ll.
568 2224 675 2298 Libr.
700 2226 845 2298 XXXI.
872 2249 907 2298 c.
929 2228 986 2298 8.:
1020 2224 1204 2319 „Cydnus

55 2336 211 2416 Ciliciae
236 2344 360 2417 amuis
384 2344 596 2444 podagricis
621 2344 817 2435 medetur,
852 2344 949 2417 sicut
981 2351 1137 2440 apparet
1161 2344 1204 2417 in

56 2458 219 2557 epistola
259 2461 377 2537 Cassii
410 2461 626 2536 Parmensis
660 2464 708 2536 ad
741 2462 795 2537 M.
825 2464 1077 2535 Antonimn.“
1152 2466 1204 2537 st

57 2574 156 2653 baec
179 2580 230 2654 ad
245 2581 476 2674 Antonium,
502 2582 566 2654 illa
591 2582 640 2655 ad
667 2579 917 2655 Octavianum
942 2581 1081 2679 scripta
1106 2589 1202 2676 erat,

58 2702 104 2770 ut
127 2692 208 2797 jam
232 2698 393 2773 Wolfius
417 2708 506 2799 post
519 2699 792 2773 Rubnkenium
817 2702 866 2773 ad
890 2695 1030 2796 Vellei.
1055 2699 1203 2775 Patere.

58 2810 168 2890 bibe.
184 2814 237 2890 Π.
260 2842 294 2893 c.
320 2820 384 2893 88.
410 2828 442 2910 s.
462 2821 496 2893 Ι.
531 2826 665 2894 conca
696 2816 914 2891 Emestium
939 2819 1133 2892 admonuit
1143 2820 1203 2915 ⁵⁴).

60 2932 172 3027 Quod
202 2935 237 3009 si
269 2938 319 3012 de
350 2946 524 3038 tempore
550 2937 786 3037 quaerimus,
812 2959 890 3033 quo
916 2936 978 3009 illa
998 2934 1203 3012 Octaviano

56 3076 131 3151 por
162 3052 308 3131 litteras
339 3054 483 3132 fuerint
515 3081 539 3130 a
571 3054 700 3130 Cassio
734 3056 982 3154 exprobrata,
1015 3064 1081 3129 aut
1112 3057 1205 3130 illud

56 3172 219 3273 cogitari
242 3180 372 3273 potest
395 3181 567 3273 tempus,
593 3199 672 3271 qrro
697 3174 811 3248 etiam
836 3174 884 3246 ab
902 3174 1070 3247 Antonio
1094 3174 1205 3273 igno-

52 3290 185 3368 bilitas
218 3288 367 3395 objecba
398 3302 458 3368 cst
491 3292 700 3369 Octaviano
733 3291 914 3368 eumculi
955 3292 1206 3365 hereditatem

60 3504 277 3517 ————-

149 3636 205 3705 5⁴)
227 3630 267 3693 G.
283 3632 313 3695 J.
328 3632 450 3693 Vossius
470 3634 500 3692 ia
516 3628 654 3708 Append.
678 3630 717 3692 ad
731 3629 815 3691 Libr.
828 3626 887 3691 lll.
909 3629 946 3689 de
964 3627 1120 3689 llistoricis
1136 3629 1205 3691 Lat.

53 3738 89 3795 p.
110 3722 186 3779 260.
220 3716 293 3780 Vol.
321 3716 378 3779 lv.
402 3716 482 3795 0pp.
512 3729 631 3793 propter
659 3714 746 3777 Plinii
775 3716 891 3793 locum,
927 3712 1111 3775 Parrneuseur
1135 3714 1206 3776 Cas·

55 3806 139 3865 sium
162 3800 316 3865 llistorieis
330 3802 467 3863 Romanis
486 3814 596 3863 temere
617 3813 761 3876 accenset,
789 3802 875 3877 eique
896 3802 1050 3873 nescienti,
1084 3823 1140 3876 qua
1157 3824 1206 3862 oc-

56 3890 177 3951 done
197 3890 252 3951 ille
270 3890 424 3967 epistolam
449 3888 486 3949 ad
510 3886 670 3949 Antonium
691 3889 853 3962 scripserit,
877 3885 970 3945 babeo
989 3884 1068 3961 quod
1087 3908 1207 3963 respon·

57 3974 159 4035 dem
200 3974 289 4039 Haud
311 3975 398 4035 dubie
412 3971 578 4051 Antonius,
600 3973 687 4034 bomo
706 3974 887 4048 vinolentus,
912 3972 1066 4047 aliquando
1083 3978 1207 4036 amicum

56 4058 98 4119 sle
120 4058 246 4123 Mass
264 4062 408 4138 podagrae
426 4059 561 4119 remediis
582 4060 773 4119 consuluerat.
819 4055 936 4117 Cassius
960 4069 1055 4117 autern
1072 4054 1206 4139 Cydnum

57 4144 184 4207 finon
215 4152 337 4225 eitum
363 4156 493 4206 naturam
524 4165 558 4205 ac
582 4148 643 4205 rim
666 4144 843 4205 salutiferam
866 4162 1038 4219 cognoscere
1063 4158 1207 4221 putruerat,

57 4250 129 4291 can
151 4233 185 4293 is
207 4230 285 4295 Asis
310 4233 443 4293 tribuum
464 4230 590 4291 militum
611 4241 699 4294 usu·
745 4226 865 4291 Mecum
883 4229 954 4290 neit
971 4227 1156 4295 Drumaunus
1176 4234 1207 4291 iu

56 4314 176 4382 flata.
199 4316 287 4383 Rom.
307 4317 395 4383 Tem.
413 4314 457 4379 ll.
476 4338 507 4393 p.
525 4322 599 4379 163.
