2686 5236
46 596 50 603 ἱ
156 627 207 705 12
505 646 559 698 or
586 646 623 697 ι.
647 645 775 700 virro
801 646 946 700 roura.

152 815 285 894 numdi
316 798 479 904 canusa.
512 815 612 887 teate
645 809 822 910 Appiano
846 810 1017 887 Mithrid.
1042 834 1077 888 o.
1093 811 1160 888 68.
1178 809 1295 887 ‘luet

152 938 219 1011 77.
243 934 375 1032 ibique
401 930 735 1031 Schweighiimer.
750 928 839 1005 Vol.
855 930 926 1005 III.
941 958 981 1032 p.
997 931 1087 1007 631.
1119 930 1294 1030 Denique

256 1051 329 1148 VI)
355 1050 403 1124 L.
418 1049 578 1142 Variam,
603 1047 801 1123 familiaria
826 1056 867 1125 et
891 1057 1092 1151 oompolor
1107 1049 1162 1124 M.
1178 1049 1295 1125 Anba-
1335 1098 1337 1107 =

152 1172 209 1247 nii
227 1169 450 1249 Triumviri.
500 1169 709 1266 Perperam
732 1192 756 1242 o
777 1164 1013 1268 Glandorpio
1037 1168 1081 1243 in
1097 1167 1294 1245 onomast.

151 1318 192 1392 p.
202 1291 312 1382 879„
338 1289 407 1386 qui
432 1286 590 1362 omnino
615 1310 753 1386 pamm
778 1287 981 1388 diligenter
998 1288 1042 1366 V
1035 1287 1148 1364 araba
1163 1312 1293 1365 reeen-

152 1410 249 1502 euit,
281 1407 372 1482 huio
400 1404 542 1504 Quinti
563 1427 801 1505 praenomen
825 1407 1029 1480 tribuiturz
1061 1431 1156 1483 nam
1182 1405 1295 1481 M

151 1551 389 1628 praenomen
413 1526 520 1599 nulla
544 1524 727 1601 varietate
750 1524 912 1625 legimus
933 1549 995 1625 ap.
1014 1523 1189 1601 Gioeron.
1206 1525 1293 1601 Phi·

151 1645 246 1746 lipp.
263 1644 369 1719 VIII.
396 1669 429 1719 o.
451 1646 486 1717 1.
536 1642 598 1717 Ab
634 1644 773 1718 eodem
798 1641 983 1719 Gieerone
1006 1644 1172 1745 Philipp.
1189 1641 1293 1719 XIII.

151 1788 186 1841 o.
215 1766 275 1837 12.
309 1764 583 1864 appellabar,
584 1762 783 1852 ,columen
814 1760 1031 1839 ambonem
1063 1760 1293 1840 Antonii·“

152 1889 193 1957 et
216 1870 381 1982 Philipp.
397 1880 503 1956 VIII.
531 1883 618 1957 o.8.
668 1882 792 1971 „Cur
825 1894 958 1956 autem
986 1907 1035 1956 ea
1060 1881 1203 1978 legalia
1225 1905 1294 1957 no·

149 2000 249 2077 atria
273 2001 414 2092 dabat,
457 2025 547 2075 mam
571 1998 628 2072 ad
650 2023 723 2074 noo
752 2000 926 2099 Cotym
948 2001 1295 2094 minorabuntu-

138 2120 328 2194 ‘menbam
351 2131 469 2219 utpote
492 2143 623 2193 arcem
648 2116 867 2193 amicorum
890 2144 1071 2212 ortorum,
1101 2117 1295 2195 nomam

148 2232 405 2314 aedilitium?
444 2235 484 2311 ai
512 2260 613 2312 vero
643 2249 730 2310 tum
750 2235 846 2336 suu
877 2237 1041 2330 aedile,
1082 2264 1174 2314 oum
1210 2262 1295 2313 enar

145 2357 264 2454 luam
277 2350 491 2431 Antonii
470 2381 517 2429 οπ
535 2353 714 2430 conuiuio
733 2381 836 2431 servo
830 2354 1003 2458 publici
1017 2356 1293 2433 coeidmat=“

152 2475 200 2551 ol.
216 2474 382 2575 Philipp.
398 2472 507 2548 XIII.
533 2498 567 2549 o.
586 2476 646 2548 12.
696 2471 887 2551 Eumdem
912 2474 963 2550 l..
989 2477 1033 2555 V
1025 2475 1160 2552 artem
1189 2478 1290 2575 cotp

151 2593 234 2669 λαπο
257 2593 310 2667 Μ.
327 2593 540 2687 Antonius,
567 2618 655 2668 oum
672 2592 725 2666 M.
741 2593 891 2693 Lepido
916 2602 1007 2696 post
1024 2619 1197 2697 pugnam
1209 2595 1292 2669 Mu-

150 2711 341 2788 tinensem
366 2709 613 2814 oonjtmohn,
640 2714 691 2787 ad
707 2709 853 2788 Galliae
868 2715 1104 2812 praesidium
1120 2739 1214 2791 eum
1228 2712 1290 2788 VI.

150 2831 363 2933 legionibus
396 2832 573 2929 reliquit,
613 2837 714 2906 teste
738 2831 942 2909 Plutarcho
977 2834 1020 2906 in
1043 2832 1124 2907 vit.
1148 2833 1290 2909 Anton.

127 2952 270 3036 ,6.18.
306 2951 345 3035 ἓξ
365 2951 517 3044 τάγματα
538 2952 691 3022 λελοίπει
717 2952 803 3039 μετὰ
828 2949 978 3047 Οὐαρίου
999 2953 1088 3037 τινὸς
1107 2961 1175 3024 τῶν
1197 2951 1289 3043 συνή-

147 3079 224 3143 θων
245 3072 301 3141 καὶ
322 3077 518 3159 συμποτῶν,
556 3064 595 3140 ὃν
614 3067 796 3142 Κοτύλωνα
823 3073 1091 3166 προσηγόρευον,
1132 3072 1184 3146 «Ie
1216 3095 1288 3169 quo

149 3189 375 3289 eognomine
400 3187 542 3263 videsis
568 3185 821 3263 Garatonium
846 3190 895 3263 ad
922 3187 1043 3264 Cieer.
1070 3189 1170 3264 Phil.
1189 3189 1288 3263 VIII.

147 3331 184 3409 ο.
200 3309 238 3380 8.
266 3307 348 3382 Vol.
365 3306 415 3380 Il.
442 3332 482 3406 p.
500 3308 589 3382 266.
640 3307 712 3382 flio
735 3307 854 3410 igitur
870 3307 919 3381 L.
935 3307 1072 3382 Varius
1088 3308 1131 3382 in
1146 3308 1201 3384 M.
1219 3309 1291 3383 An·

148 3426 247 3501 tonii
271 3424 528 3500 sarniliaritnte
553 3427 677 3501 adhue
702 3434 785 3501 erat
809 3451 845 3501 a.
863 3428 910 3501 U.
928 3425 971 3501 G.
989 3430 1078 3502 711.

252 3544 459 3620 Praetereo
490 3545 555 3620 hie
579 3546 694 3639 alios,
739 3571 904 3645 quorum
935 3547 1082 3621 mentio
1107 3571 1131 3621 o
1154 3546 1291 3624 veteri·
1334 3578 1337 3609 ι

146 3664 220 3737 bus
243 3663 493 3761 scriptoribus
518 3660 657 3763 injecta
681 3672 760 3759 eat,
789 3666 833 3744 V
827 3662 936 3739 arion
942 3716 957 3756 ,
980 3666 1095 3764 utqui
1118 3664 1167 3740 L.
1176 3667 1290 3742 Varla
1334 3656 1337 3697 ³

147 3788 264 3883 poeta
286 3781 456 3857 minores
480 3791 575 3856 natu
599 3782 755 3878 fuerint,
781 3784 878 3860 siout
891 3784 1101 3880 L.Vari1n‚
1125 3785 1187 3862 vir
1202 3812 1291 3862 eon·

147 3901 302 3993 sudaria,
331 3900 400 3998 qui
422 3901 493 3974 sub
510 3899 662 3977 Nerone
687 3903 868 3979 avaritiae
894 3905 1116 3979 orininibm
1141 3906 1291 4005 pereul·

147 4045 212 4095 aras
247 4027 326 4114 est,
368 4027 521 4095 auclore
553 4020 689 4097 Tacito
728 4022 867 4096 nimai.
895 4023 1003 4097 Libr.
1025 4024 1133 4096 XIII.
1168 4050 1201 4100 ο.
1231 4025 1291 4099 32.

145 4139 281 4238 Neque
314 4140 419 4215 enim
452 4164 550 4240 opus
585 4147 663 4235 est,
704 4150 750 4215 ut
774 4142 839 4217 hio
862 4143 980 4217 totius
1005 4143 1292 4245 gentio·Variae

148 4265 310 4333 stemma
343 4266 566 4352 contexam,
609 4261 835 4360 praesertim
870 4286 1010 4359 quum,
1055 4262 1122 4360 qui
1159 4262 1293 4339 seriori

147 4384 272 4453 aetate
297 4378 501 4471 vixeram,
528 4377 636 4453 Varii
658 4376 739 4481 jam
764 4381 978 4455 enumerati
1003 4380 1080 4454 sint
1103 4383 1294 4480 pai-tima

148 4494 385 4596 Glandorpio
409 4497 452 4569 iu
470 4496 666 4573 Onomast.
686 4525 725 4599 p.
741 4498 853 4591 879„
878 4499 1020 4598 partim
1039 4497 1293 4603 aStieglitzio

147 4614 191 4691 in
214 4616 301 4690 libr.
331 4617 375 4692 V
368 4614 507 4690 ernmb
538 4613 644 4691 einer
671 4609 938 4713 Einriobtung
970 4616 1126 4693 antibo·
1149 4619 1294 4696 Miinz·

147 4735 437 4831 Sca-rmnlungen.
481 4733 613 4835 (Lips.
635 4736 767 4836 1869.)
799 4762 840 4837 p.
861 4737 967 4831 114„
1010 4737 1079 4811 ubi
1113 4739 1294 4817 denarium
