2686 5236
536 620 742 673 excussus
768 620 809 673 r.
1166 596 1240 675 351

98 808 200 861 osse.
251 786 303 859 nt
319 808 398 883 quo
414 787 570 859 tandem
586 794 698 882 pacto
712 784 801 859 inde
825 782 951 885 colligi
972 785 1113 883 possit,
1139 810 1245 861 eam·

96 904 193 979 dem
219 902 418 980 Octaviam
443 914 530 1003 post
554 904 724 979 Marcelli
755 904 903 978 ohitmn
936 902 1100 977 afratre
1126 906 1244 981 collo·

97 1030 225 1099 catam
256 1046 339 1097 esse
364 1022 416 1097 M.
442 1023 628 1116 Antonio,
664 1021 784 1097 fateor
816 1047 880 1097 me
910 1047 989 1095 non
1022 1022 1242 1125 intelligere.

95 1140 178 1217 Nec
204 1140 338 1234 video,
378 1166 457 1240 quo
489 1143 606 1217 modo
631 1140 854 1215 Perizonius
885 1147 1031 1215 tantam
1055 1142 1244 1239 probandi

95 1260 179 1337 vim
205 1260 371 1335 tribuere
396 1261 518 1359 possit
541 1260 606 1335 isti
630 1260 823 1335 Ciceronis
848 1254 960 1335 loco?
987 1256 1126 1334 Orator
1153 1283 1243 1334 cum

93 1378 137 1453 id
163 1385 314 1479 ageret,
348 1387 393 1453 ut
416 1378 695 1477 impudentiam
718 1378 772 1453 Μ.
798 1377 951 1451 Antonii
975 1378 1242 1477 exprobrantis

95 1496 310 1573 Octaviano
327 1498 476 1598 generis
493 1496 787 1598 ignobilitatem,
814 1498 1028 1572 contineret
1034 1550 1047 1591 ,
1074 1496 1242 1595 primmn

93 1617 346 1714 contemptim
378 1622 566 1690 memorat
605 1639 771 1690 uxorem
811 1616 949 1714 patris,
992 1614 1242 1690 Numitoriam

91 1734 375 1835 Fregellanam,
401 1735 605 1835 proditoris
625 1732 763 1828 liliam,
789 1742 828 1808 et
852 1734 980 1832 ipsum
1005 1737 1139 1809 rixeris
1160 1735 1241 1835 pri·

90 1878 205 1945 mae,
235 1852 395 1945 Fadiae,
429 1852 609 1927 libertino
634 1859 745 1927 natae
770 1860 899 1950 patre,
935 1852 1238 1927 commonefacit.

89 1972 242 2047 lleinde
268 1972 323 2047 eis
348 1971 507 2069 opponit
532 1972 655 2046 Atiam
678 1968 839 2072 ejusque
865 1970 1005 2061 filiam,
1040 1968 1239 2045 Octaviam

89 2092 308 2181 minorem,
334 2090 494 2187 optimas
521 2088 703 2184 feminas,
729 2114 825 2187 (pras
849 2114 993 2164 uxores
1009 2088 1152 2163 hahens
1172 2114 1240 2161 nsc-

88 2233 289 2307 quoquam
322 2209 521 2307 poenitere
551 2208 598 2281 L.
624 2209 840 2306 Philippum
874 2219 913 2281 et
947 2208 990 2281 (J.
1016 2208 1239 2283 Marcellum

88 2327 273 2403 allirmat.
332 2328 475 2421 Quodsi
500 2327 723 2402 Perizonius
747 2327 836 2399 inde
860 2326 1106 2400 Plutarchum
1131 2352 1239 2402 erro-

89 2445 148 2519 ris
182 2445 408 2521 convincere
442 2447 616 2539 volebat,
658 2444 856 2543 oportebat
897 2468 986 2517 eum
1021 2448 1238 2538 ostendere,

89 2564 198 2639 hunc
214 2562 256 2637 C.
275 2565 518 2657 llarcellmn,
545 2589 568 2638 a
586 2563 771 2639 Cicerone
786 2572 1064 2654 memorannn,
1090 2565 1238 2638 nullum

87 2684 212 2757 alitmr
237 2706 322 2756 esse
348 2708 460 2780 posse
485 2707 600 2780 qnam
624 2683 823 2774 eumdem,
849 2691 934 2780 post
959 2678 1067 2781 cujus
1092 2684 1237 2757 ohitum

89 2800 252 2875 (letaris
286 2801 400 2875 vidua
428 2826 451 2873 a
477 2800 679 2875 Plutarcho
712 2800 860 2874 dicatrrr
883 2798 936 2870 M.
962 2801 1130 2876 Antonio
1164 2828 1237 2875 nn-

88 2920 226 3019 psissc.
278 2919 450 3017 Namque
466 2921 507 2993 id
524 2944 644 2992 rursum
664 2928 811 2993 oerhrm
837 2930 892 2993 est
917 2930 1031 3017 atquo
1057 2921 1237 3019 explora-

87 3050 196 3127 tmn,
230 3046 408 3135 ‹prartam
440 3038 544 3111 illam
570 3037 781 3111 Triumviri
806 3062 970 3111 uxorem
995 3040 1235 3114 matrimonio

87 3166 203 3231 antea
221 3154 389 3256 junctam
404 3155 521 3231 fuisse
538 3182 627 3231 cum
644 3156 687 3231 G.
703 3156 885 3231 Marcello
901 3158 1080 3255 (stradam.
1107 3158 1235 3255 Quare

88 3274 170 3349 lulli
203 3300 291 3367 eos,
326 3277 393 3374 (pri
418 3275 471 3350 ll.
496 3274 719 3350 Marcellum
743 3276 949 3374 quemdam
975 3275 1050 3351 huc
1075 3278 1234 3370 trahant,

88 3394 202 3469 docte
226 3394 403 3493 probavit
427 3394 672 3471 Dmmarmns
695 3394 739 3469 in
761 3395 905 3469 Hister.
923 3394 1034 3471 Rom.
1051 3397 1165 3472 Tem.
1184 3396 1234 3469 ll.

87 3538 129 3617 p.
155 3514 242 3587 401.
600 3508 603 3517 '

193 3631 314 3708 Nemo
338 3632 451 3733 igitur
477 3633 705 3732 scriptonmr
722 3640 893 3709 velerum
911 3641 1041 3731 aperte
1062 3641 1234 3728 testatur,

87 3751 280 3826 uterinam
306 3751 475 3827 Caesaris
497 3752 692 3828 Octaviani
717 3775 910 3844 sororem,
938 3752 1135 3826 Octaviam
1159 3752 1234 3829 mi·

87 3893 248 3963 norem,
272 3869 326 3943 Μ.
345 3870 513 3946 Antonio
534 3872 575 3944 in
600 3870 885 3945 matrimonium
911 3871 1038 3945 datam
1064 3894 1167 3961 esse3
1193 3880 1233 3945 at

87 3988 313 4064 Plutarchus
338 3990 510 4066 consulto
536 3989 724 4064 addidisse
740 3988 836 4063 mihi
851 3989 1004 4063 videtur
1023 3986 1230 4082 Octaviam

85 4106 141 4183 Μ.
160 4107 318 4183 Antonii
333 4131 512 4202 uxorem,
538 4107 750 4183 Anchariae
766 4106 883 4181 finisse
901 4105 1030 4200 sdiam,
1057 4131 1232 4182 sororem

85 4228 244 4326 quidem
264 4225 435 4301 Caesaris
454 4224 654 4302 Octaviani
678 4230 917 4319 πρεσβυτέραν,
939 4226 1009 4298 <at
1025 4226 1085 4314 οὐχ
1101 4227 1231 4322 ὁμομη-

85 4349 200 4439 τρίαν,
236 4354 280 4419 ut
311 4345 434 4420 errori
466 4354 684 4423 occrrrreret
707 4354 745 4420 et
769 4354 1035 4443 praecaveret,
1069 4347 1231 4445 nequis

85 4462 350 4557 donatillam,
378 4461 578 4540 Octaviam
594 4464 802 4556 minorem,
829 4463 1066 4565 intelligeret.
1108 4462 1231 4568 llujns

84 4590 216 4659 autem
246 4582 343 4658 fides
374 4582 514 4680 polerit
551 4584 657 4659 salvs
686 4584 870 4684 praestari
903 4582 1105 4683 omnisque
1137 4608 1229 4659 con·

85 4700 274 4779 heremis
298 4724 346 4779 ea
371 4701 421 4777 de
444 4724 489 4777 re
513 4702 712 4801 componi,
737 4702 800 4807 si„
815 4710 1022 4800 praeeunte
1048 4702 1228 4779 Tristsno
