2670 5294
928 423 948 436 N

799 512 802 519 ι

381 683 432 735 nr
458 682 496 735 ι.
520 681 648 735 vnio
667 683 820 737 rom·
1122 664 1172 743 le

83 874 115 925 m
147 846 321 950 insu-ipt.
350 843 493 927 mn
526 845 632 949 genti
656 845 791 923 Variae
825 848 975 927 erufflte
991 849 1174 931 ¹vindice·

83 998 99 1044 ·.
150 968 245 1044 Illos
269 975 399 1044 cutem
423 988 571 1059 omnes,
596 989 696 1065 quos
714 969 941 1044 nominatim
955 975 1173 1071 percensui,

83 1088 185 1183 rios,
228 1086 262 1161 si
287 1110 312 1163 o
336 1088 381 1181 Q.
397 1085 515 1161 Vario
540 1083 777 1162 Sucronensi
802 1087 1039 1185 discesseris,
1063 1090 1173 1167 Varii

83 1216 184 1300 etse,
224 1207 275 1282 de
298 1230 380 1305 quo.
403 1204 621 1303 loquimur,
663 1207 841 1305 oeqtmles
875 1207 996 1285 fuisse
1020 1209 1172 1309 opinor.

83 1351 157 1425 que
170 1326 253 1402 veri
278 1331 338 1401 est
363 1323 559 1420 dissimile,
584 1347 652 1400 eos
677 1350 812 1402 omnes
837 1352 879 1402 se
896 1328 1063 1405 invicem
1078 1354 1173 1431 gen-

83 1452 158 1521 ute
184 1444 399 1547 contigisse.
451 1439 586 1542 Quid?
611 1446 717 1542 quod
742 1447 926 1545 suspicari
941 1447 1085 1543 susim,
1110 1455 1173 1524 to·

83 1588 95 1639 s
111 1564 258 1666 gentis,
285 1588 338 1639 ex
355 1587 434 1660 quo
451 1569 628 1662 tompore
641 1587 688 1638 eo
703 1564 849 1639 Romae
862 1563 1035 1661 floreret,
1061 1567 1171 1667 prin·

83 1706 150 1758 em
174 1690 215 1758 et
239 1687 356 1782 ceput
378 1681 599 1756 habendum
626 1706 711 1757 esse
735 1683 846 1758 illum
870 1681 1170 1782 Sucronensem,
1260 1723 1265 1741 =

83 1828 100 1878 s
135 1801 397 1900 antiquiorem
430 1800 627 1875 neminem
659 1799 866 1874 Variorum
912 1825 937 1878 o
976 1805 1175 1883 veteribus.

83 1945 285 1997 munorum
309 1920 557 2022 scriptoribus
584 1925 926 1996 commemoratum
940 1920 1171 1998 invenimus.

83 2066 150 2115 um
174 2064 269 2117 vero
293 2041 362 2118 ille
387 2042 432 2135 Q.
449 2038 589 2114 Verius
614 2034 810 2131 Sucrone,
838 2036 1046 2136 Hispaniae
1072 2041 1171 2116 Tor·

83 2159 240 2236 onensis
264 2160 376 2256 urbe,
402 2159 442 2233 h.
473 2159 643 2248 Cullerc,
669 2155 853 2231 oriundus
874 2155 991 2233 fiterit
1015 2166 1054 2234 et
1076 2184 1170 2260 pro-

83 2305 105 2353 r
138 2279 346 2354 obsumsm
380 2278 539 2354 civitatis
571 2272 631 2378 jus
663 2272 843 2373 Hybrida
883 2278 1169 2378 cognominatus

83 2398 151 2495 ¹¹),
195 2422 277 2471 non
308 2404 455 2472 temero
488 2395 585 2471 mihi
608 2395 741 2470 videor
774 2395 972 2496 colligere,
1015 2405 1171 2497 gentem

83 2517 173 2591 ‚ium
197 2523 239 2590 ct
256 2515 499 2616 peregrinam
512 2512 630 2588 firisse
645 2536 772 2610 neque
787 2513 995 2611 antiquam.
1032 2516 1168 2592 Fuisse

83 2658 151 2709 em
176 2632 351 2709 Sucrone
379 2631 548 2721 Varios,
583 2629 620 2706 J.
637 2630 871 2706 Arntzenius
897 2635 947 2707 nd
973 2631 1016 2706 S.
1034 2634 1167 2709 Aruel.

83 2761 165 2828 tor.
182 2751 333 2827 dVirie
348 2751 493 2828 Illustr-
516 2776 553 2851 c,
568 2752 633 2825 72.
649 2773 690 2848 p.
708 2750 797 2825 267.
823 2750 896 2825 hoe
919 2750 1167 2852 inscriptione

83 2871 214 2948 »buvile

158 3005 171 3015 -
523 2972 574 3047 D.
605 2969 659 3045 Μ.

157 3092 214 3169 n.
252 3086 439 3168 rimo
489 3087 733 3168 ruocno
778 3062 881 3166 'sn
931 3089 1030 3171 xv,

241 3211 425 3288 vnum
460 3208 720 3293 ,esocis
770 3208 942 3285 nmo

374 3327 813 3405 PIENTISSIMO.
977 3406 982 3413 .

83 3449 350 3551 ecinsoriptio
385 3450 534 3525 eratin
558 3448 705 3546 lepide,
746 3449 815 3547 qui
838 3449 881 3522 in
906 3472 997 3550 egro
1021 3448 1166 3526 Velen-

83 3594 101 3643 o
127 3570 302 3645 exstabat
326 3568 430 3642 houd
453 3569 569 3669 longe
594 3591 617 3640 o
640 3573 751 3666 porto
775 3567 1029 3665 Sucronensi,
1064 3593 1166 3668 quae

83 3669 193 3763 lentie
226 3686 444 3764 Sucronem
486 3687 668 3779 ducebat,
709 3687 921 3783 eodemque
962 3688 1165 3785 repes-itm,

83 3808 307 3909 tmutilote,
332 3806 377 3881 in
402 3804 558 3883 Gruteri
583 3803 782 3881 Th0sauro
806 3830 847 3906 p.
863 3802 1069 3881 DCCXIII.
1087 3805 1128 3880 3.

474 4057 477 4061 ,
595 3993 634 4069 4.

118 4132 248 4226 Quum
270 4131 401 4245 nullus
426 4002 600 4208 vetenllm
616 4128 865 4230 scriptonnn,
893 4150 990 4225 quos
1007 4125 1165 4227 quidem

83 4249 217 4347 rimus,
256 4251 465 4327 memoriae
495 4247 712 4345 tradiderit,
753 4272 832 4348 quo
859 4271 962 4324 anno
988 4254 1101 4326 natm
1126 4255 1165 4325 et

101 4459 159 4530 11)
190 4450 332 4516 Similiter
362 4455 503 4533 Persius,
538 4454 592 4515 ille
627 4454 789 4532 negotiotor
822 4449 1042 4527 Clazomenius,
1079 4464 1163 4531 petro

83 4561 129 4602 seo
155 4550 188 4601 et
215 4551 307 4602 mstre
334 4539 464 4602 Romano
490 4549 592 4614 rstru,
628 4540 790 4616 repelletur
807 4537 956 4620 Hybrida
981 4541 1017 4601 sb
1037 4538 1162 4603 Horatio

83 4622 143 4688 ’.1.
167 4622 257 4687 Sotir.
272 4633 305 4688 7.
326 4646 357 4687 r.
374 4633 405 4688 2.
429 4627 478 4687 obi
498 4624 640 4687 ridendus
661 4635 707 4685 est
726 4623 914 4688 Heindortius
933 4647 962 4701 p.
982 4627 1054 4686 165.
1097 4622 1163 4687 Ho-

83 4732 176 4862 ’πα
192 4712 362 4858 ¹{rupudiare
390 4713 452 4774 noti
479 4709 647 4790 perutilis
672 4711 717 4773 sic
737 4698 824 4790 dico‘,
860 4721 894 4773 ot
913 4710 997 4773 docet
1016 4705 1163 4772 Murtlsl‘u
