2686 5236
151 650 230 729 220
504 670 554 721 aa
581 670 719 721 cassio
742 666 963 723 crassensi.

151 850 209 915 art
227 833 418 912 Etruriae
443 831 607 925 civitas,
635 832 747 929 cuius
779 827 985 927 tragoedia
1015 827 1203 927 Thyestes
1234 852 1306 903 ex-

151 962 277 1032 stol.“
301 995 352 1011 —
389 956 452 1037 Aa
481 978 521 1029 v.
548 953 631 1027 62:
666 947 881 1043 „Cossium
903 961 1066 1049 pertram
1096 962 1306 1049 comparat

153 1072 269 1149 amni
283 1070 446 1172 rapido,
477 1070 547 1172 qui
560 1072 690 1145 multa
709 1080 975 1171 purgamenta
1000 1092 1131 1143 marm
1154 1065 1304 1143 trabit:

152 1192 213 1267 ito
251 1190 412 1269 Cassius
443 1191 589 1264 multos
621 1214 758 1264 vernes
789 1186 911 1287 para·
943 1185 1132 1261 snmnenti
1160 1185 1305 1261 scribe·

153 1312 243 1386 bat:
279 1309 366 1385 ideo
385 1319 480 1409 post
503 1320 668 1382 mortem
701 1304 869 1380 decrerit
902 1310 1092 1397 mitres,
1134 1316 1183 1379 ut
1218 1303 1307 1381 libri

153 1456 243 1505 cum
268 1430 459 1502 cadauere
483 1430 783 1502 eramrerstur.“
822 1472 852 1529 f

257 1549 364 1642 Quae
389 1547 449 1621 his
474 1546 513 1620 in
531 1545 695 1621 Scholiis
720 1553 931 1620 memoratu
950 1545 1065 1647 digna
1090 1552 1206 1639 srmt,
1232 1545 1304 1621 buc

153 1668 235 1743 lero
268 1669 443 1742 redesmt.
502 1666 676 1740 Primrmn
707 1664 845 1739 dicitur
875 1667 1027 1739 Parma
1058 1687 1145 1739 asse
1171 1664 1304 1741 civitas

153 1784 343 1863 Etruriae.
410 1787 650 1884 Quamquam
681 1783 829 1858 Etr-usai
863 1783 956 1858 olim
988 1782 1190 1883 planitiem
1216 1782 1304 1859 Padi

154 1906 257 1981 inter
291 1904 452 2006 Ligures
483 1914 524 1981 et
555 1904 709 2000 Illyrios
750 1902 992 1978 incoluenmt
1021 1908 1061 1976 et
1092 1902 1198 2002 ripas
1233 1904 1303 1979 ne-

155 2026 260 2119 noci,
304 2024 439 2100 Sebini
473 2034 512 2100 et
536 2023 641 2099 Larii
667 2023 819 2099 lacurnn
844 2023 1070 2123 attigerint,
1107 2030 1151 2096 ut
1176 2030 1303 2099 osten-

154 2145 211 2219 dit
245 2143 287 2217 C.
313 2142 388 2218 od.
415 2142 597 2217 Miillerus
631 2143 673 2217 in
706 2143 806 2219 libro
839 2141 1003 2217 eximio:
1043 2140 1152 2232 „Die
1185 2144 1304 2217 Etru·

155 2262 275 2339 aaa
311 2261 360 2335 Τ.
390 2260 423 2334 Ι.
460 2286 498 2360 p.
530 2262 636 2351 1343
682 2270 812 2337 tamen
852 2257 1021 2335 dubitari
1054 2259 1169 2357 licat,
1214 2286 1304 2337 num

155 2380 295 2455 Parma
329 2379 404 2454 dici
437 2380 646 2478 haberique
680 2380 798 2480 possit
833 2380 967 2455 civitas
997 2378 1190 2456 Etr-miae.
1250 2382 1302 2457 llo

155 2495 242 2599 ejus
283 2499 430 2601 origine
463 2499 561 2573 nibil
598 2501 808 2599 ‹piulrpram
847 2499 1028 2573 traditum
1061 2499 1228 2600 legimns
1267 2508 1304 2575 et

157 2618 377 2693 Mamertus
409 2622 450 2694 in
486 2618 627 2719 Geogr.
663 2618 731 2693 Gr.
765 2627 805 2693 et
836 2620 947 2693 Rom.
975 2618 1088 2692 Tom.
1108 2620 1181 2693 IX.
1207 2620 1250 2692 P.
1271 2621 1303 2694 l.

156 2766 198 2840 p.
222 2739 313 2813 218.
346 2762 432 2812 cam
458 2739 623 2813 Celticae
649 2739 804 2839 originis
829 2762 970 2839 pagum
994 2737 1114 2812 inisse
1139 2740 1304 2838 suspica·

158 2866 235 2933 tur.
289 2858 406 2933 Gallis
432 2858 535 2931 ellim
560 2857 708 2931 ltaliam
723 2857 993 2933 invadentibus
1010 2855 1097 2958 Boji
1119 2882 1210 2934 eam
1226 2860 1305 2959 pla·

158 2976 264 3051 nitiei
288 2975 462 3050 Padanac
488 2984 768 3073 occupaverrmt
784 2977 999 3077 regionem,
1025 2977 1067 3049 in
1093 3001 1171 3075 qua
1188 2977 1304 3052 serien

158 3095 255 3170 sitae
288 3102 400 3166 orant
433 3093 590 3187 Parma,
625 3093 772 3168 Mutina
797 3103 838 3168 et
863 3094 1034 3185 Felsina3
1068 3091 1157 3195 Boji
1183 3105 1305 3171 autem

160 3211 290 3287 Celtae
325 3218 436 3286 erant
469 3220 510 3285 et
541 3213 581 3285 in
606 3212 776 3306 ltaliam,
816 3216 999 3312 superatis
1024 3213 1206 3313 Alpibus,
1240 3216 1305 3288 dc·

157 3332 387 3407 scenderunt
412 3331 562 3406 circiter
587 3357 621 3406 a.
641 3332 686 3405 U.
704 3331 745 3406 C.
764 3334 872 3428 364„
899 3343 944 3407 ut
969 3335 1100 3410 docuit
1122 3333 1305 3408 Miillerus

157 3450 185 3525 l.
202 3475 235 3526 c.
263 3476 301 3548 p.
321 3448 409 3524 158.
435 3450 587 3524 Felsina
611 3451 771 3549 posthac
787 3452 886 3526 (licta
904 3459 962 3527 est
977 3451 1175 3547 bononia,
1202 3449 1306 3553 eujus

157 3569 344 3670 originem
368 3567 566 3643 Etruscam
591 3571 701 3643 nudti
727 3570 933 3668 scriptores
959 3578 1240 3665 contestantem,
1265 3580 1307 3644 ut

113 3732 117 3739 -
159 3688 292 3765 Livius
326 3686 435 3764 Libr.
461 3689 587 3762 XXX.
614 3714 647 3764 c.
665 3691 752 3783 37„
787 3690 988 3764 XXXVII.
1015 3716 1048 3765 c.
1066 3690 1152 3783 57„
1179 3690 1308 3767 Vella-

158 3803 219 3910 jus
245 3810 327 3883 l‘at.
353 3806 462 3881 Libr.
481 3806 513 3882 1.
540 3834 575 3883 c.
593 3809 654 3883 15.
680 3819 711 3898 §.
731 3812 791 3901 2.,
819 3809 1026 3884 Suetonius
1050 3809 1151 3911 Aug.
1179 3834 1213 3885 c.
1232 3810 1306 3903 oa,

17 3932 23 3945 '
159 3929 300 4029 quibus
326 3927 487 4000 addatur
511 3926 656 4001 Plinius
673 3926 719 4000 N.
735 3928 784 4002 ll.
810 3926 919 4001 Libr.
942 3927 1013 4000 ΙΠ.
1041 3928 1184 4004 c.15.r
1206 3930 1309 4020 „In-

158 4058 225 4123 tas
250 4049 402 4145 (octava
422 4045 580 4145 regiona
605 4045 798 4141 Arimino,
824 4048 928 4121 Pado
955 4055 996 4120 et
1014 4046 1219 4145 Apemrino
1244 4047 1309 4122 dc·

159 4164 381 4261 tenninata)
401 4163 597 4255 coloniae,
622 4163 821 4257 Bononia,
847 4164 1009 4241 Felsina
1024 4165 1203 4240 vocitata
1223 4190 1309 4241 wan

155 4284 339 4385 princeps
355 4283 546 4357 Etruriae
561 4296 671 4375 esset,
697 4283 925 4375 Brixillum,
951 4283 1126 4376 Mutina,
1146 4287 1308 4378 Panna,

160 4401 408 4479 elaeatae
441 4403 543 4502 Ager
557 4403 765 4497 Bononiae,
784 4412 829 4478 ut
847 4402 980 4479 Livius
994 4401 1104 4476 Libr.
1111 4400 1308 4477 XXXVII.

162 4546 196 4597 c.
215 4520 278 4595 57.
304 4521 377 4614 ait,
414 4528 544 4618 captus
567 4523 617 4597 de
645 4520 764 4598 Gallis
789 4519 894 4622 Boiis
919 4522 1065 4597 inierat:
1100 4520 1204 4597 Galli
1230 4522 1310 4595 'l'u-

161 4662 246 4715 scos
271 4639 511 4738 expulerant.
562 4622 776 4717 Bononiam
801 4643 873 4715 sub
901 4640 1019 4716 Galba
1044 4665 1200 4741 quoque
1226 4639 1310 4715 Fel-

162 4760 286 4838 sinam
320 4781 405 4835 asse
439 4758 686 4860 appellatam,
721 4761 825 4841 idem
849 4758 983 4837 Livius
1016 4767 1180 4837 testatur
1203 4759 1308 4835 Libr.
