2670 5294
94 598 170 674 200
453 610 503 663 ur
530 606 665 661 csssro
690 601 912 655 numum·

95 782 249 858 Tacitus
263 777 366 852 Anu.
381 774 489 849 Libr.
503 772 536 849 Ι.
563 796 597 847 c.
614 772 679 847 72.
730 764 992 871 Ejusdem—rei
1002 761 1239 841 mentionem
1291 712 1294 787 ⁴

96 900 186 976 iacit
202 898 276 972 Dio
292 894 439 970 Cassius
455 892 561 966 Libr.
574 889 675 964 LVI.
694 914 727 965 c.
740 892 825 964 27.=
851 893 907 964 καὶ
925 884 1050 982 μαθών
1065 887 1120 962 ὅτι
1128 886 1241 979 βιβλία

97 1007 255 1102 ἄττα-ἐφ’
279 1009 373 1102 ὕβρει
393 1013 488 1077 τινῶν
509 1005 744 1096 συγγράφοιτο,
769 1004 903 1099 ζήτησιν
916 1003 1027 1076 αὐτῶν
1041 1002 1240 1093 ἐποιήσατο·

98 1117 154 1185 καὶ
172 1110 280 1185 ἐκεῖνά
302 1138 338 1182 τε
358 1112 400 1179 τὰ
421 1112 482 1197 μὲν
504 1108 539 1178 ἓν
564 1113 605 1198 τῇ
624 1108 723 1176 πόλει
740 1102 921 1199 εὑρεθέντα
934 1109 1021 1203 πρὸς
1041 1113 1108 1177 τῶν
1122 1100 1242 1195 ἀγορα-

99 1221 223 1305 νόμων,
246 1214 287 1283 τὰ
307 1215 344 1283 δὲ
362 1211 425 1295 ἔξω
442 1211 528 1303 πρὸς
545 1216 611 1280 τῶν
631 1206 834 1296 ἑκασταχόθι
845 1208 1029 1307 ἆρχόντων,
1052 1206 1242 1298 κατέφλεξε,

101 1331 158 1399 ναὶ
177 1333 245 1396 τῶν
266 1324 455 1395 συνθέντων
475 1318 561 1394 αὐτὰ
583 1320 722 1393 ἐκόλασε
742 1321 846 1407 τινάς.
891 1319 962 1395 cui
987 1318 1149 1419 quidem
1162 1314 1243 1390 loeo

100 1445 307 1547 plurimum
330 1440 424 1514 lucis
450 1439 596 1515 accedit
620 1463 673 1514 ex
699 1436 904 1534 Suetonio,
930 1439 998 1538 qui
1012 1439 1064 1513 dc
1080 1433 1246 1536 Caligula

102 1561 310 1639 memoriae
329 1560 496 1660 prodidit
512 1584 544 1635 c.
563 1561 643 1635 la:
669 1557 790 1651 „Titi
806 1556 988 1650 Labieni,
1017 1553 1145 1634 cordi
1161 1554 1247 1631 Gre-

102 1680 240 1773 mutii,
270 1677 401 1756 Cassii
416 1677 551 1753 Severi
561 1677 708 1779 scritta
717 1730 731 1770 ,
757 1682 927 1753 Βαναίας
951 1672 1143 1752 corurtltis
1159 1671 1247 1747 ado·

104 1801 201 1891 lita,
240 1796 391 1901 requiri
421 1809 459 1871 et
496 1822 576 1872 ease
606 1796 651 1871 in
681 1797 866 1873 mentha
899 1790 1143 1895 lectitarique
1158 1816 1248 1893 pcr-

105 1919 231 2012 misit,
272 1918 431 2020 qrrrrudo
463 1914 638 1991 muxirue
670 1942 747 1993 rua
789 1914 1011 2006 interesset,
1053 1924 1101 1987 ut
1127 1912 1246 2012 factu

107 2063 255 2143 quoque
278 2035 445 2139 posteris
470 2018 731 2111 tradantur
786 2035 884 2111 Nam
907 2057 1010 2111 nove
1033 2032 1107 2109 ista
1132 2038 1174 2106 et
1195 2030 1247 2104 in·

108 2168 216 2234 sueta
250 2180 334 2248 res,
368 2155 552 2254 supplicia
585 2157 635 2231 de
668 2155 802 2230 studiis
837 2151 1035 2247 sumendi,
1071 2159 1114 2227 et
1138 2173 1248 2226 exeo·

85 2277 222 2379 'gitata
247 2281 305 2349 est
330 2269 408 2374 jam
434 2274 503 2348 sub
520 2273 694 2376 Augusto
719 2283 760 2350 et
784 2272 959 2374 usurpari
984 2278 1131 2370 coepta.
1172 2266 1249 2345 Jam

110 2418 199 2470 cum
234 2392 395 2467 Labieni
425 2391 668 2471 historianrm
683 2388 691 2397 ’
704 2394 795 2468 libri
833 2416 886 2468 ex
919 2386 1249 2467 Senatusoonsulto

111 2514 444 2605 comburerentur,
470 2510 523 2584 Μ.
551 2509 697 2588 Seneca
723 2511 907 2589 Controv.
932 2506 1058 2585 Praei.
1083 2505 1195 2581 Libri
1208 2501 1251 2577 V.

112 2659 151 2731 p.
169 2632 256 2706 321.
275 2630 361 2729 Bip.
388 2629 525 2725 refert,
552 2629 724 2708 Cassium
749 2629 955 2726 Severum,
981 2627 1157 2703 Labieno
1174 2623 1252 2726 jun·

112 2750 343 2841 ctissimum,
384 2749 486 2823 belle
528 2749 691 2826 dixisse:
734 2776 874 2845 „runc
916 2774 979 2824 mc
1019 2744 1159 2821 mrum
1196 2738 1255 2817 uri

113 2880 283 2971 oportet,
318 2867 389 2968 qui
411 2867 501 2943 illos
526 2868 764 2966 edidici¹¹).“
822 2869 886 2946 Ex
919 2856 1000 2969 quo
1023 2862 1254 2966 intelligitur,

78 3075 80 3079 ¹
114 3012 205 3062 erun
230 2995 315 3061 tum
340 2989 523 3085 temporis
549 2989 697 3066 salvum
715 2989 840 3066 adhuc
866 2976 1169 3066 et'incolumem
1187 2983 1257 3057 llo-

114 3130 201 3180 mae
233 3114 429 3180 versauun
454 3130 549 3183 esse.
613 3106 710 3181 Cum
734 3116 863 3183 autem
888 3104 1052 3181 Labieni
1077 3125 1204 3204 poena
1225 3104 1260 3175 et

115 3222 297 3323 exemplo
323 3223 420 3298 uihil
447 3226 649 3302 deterritus
682 3226 928 3302 nobilissimis
953 3224 1172 3325 quibusque
1196 3220 1261 3296 ob·

115 3341 256 3417 latrare
281 3349 321 3415 et
340 3343 568 3421 maledicere
582 3346 838 3447 perrexisset,
865 3370 945 3421 non
961 3350 1111 3417 tantum
1130 3339 1263 3439 scripta

117 3456 199 3560 ejus
231 3461 373 3535 abolita
408 3471 517 3559 sunt,
553 3467 622 3539 sed
654 3465 736 3563 ipse
768 3465 883 3540 etiam
918 3464 1021 3539 Urbe
1055 3461 1198 3536 cedere
1229 3463 1265 3531 et

118 3579 251 3653 abesse
283 3575 406 3679 jussus
441 3591 512 3658 est
581 3584 737 3659 Tacitus
774 3585 823 3660 de
853 3584 968 3658 rebus
1003 3581 1074 3655 sub
1109 3575 1266 3653 Tiberio

119 3720 153 3772 a.
172 3696 217 3772 U.
237 3697 280 3773 G.
299 3701 387 3773 777.
414 3702 505 3777 actis
531 3701 628 3778 haec
655 3703 806 3802 scripsit
823 3703 921 3777 Ann.
946 3700 1056 3776 Libr.
1073 3695 1143 3771 lv.
1164 3694 1267 3771 cll.

118 3817 340 3908 „Relatum
373 3829 411 3892 et
445 3822 494 3893 de
531 3820 668 3898 Cassio
704 3824 845 3896 Severo
871 3820 1005 3911 exule,
1032 3815 1103 3919 oui
1125 3857 1181 3873 —
1197 3837 1270 3917 per

120 3933 350 4011 immodicus
384 3935 638 4032 inimicitius,
684 3952 731 4014 ut
759 3938 909 4036 iudicio
938 3934 1073 4033 jurati
1102 3939 1271 4011 Sestum

124 4054 281 4129 Cretum
314 4068 583 4154 amoneretur,
630 4057 842 4165 effecerat:
880 4068 997 4158 atque
1028 4053 1111 4129 illic
1138 4052 1272 4129 eodm

120 4171 348 4264 actitando,
373 4173 545 4250 recentia
570 4190 778 4280 numaque
803 4176 898 4252 odia
924 4172 1095 4249 advertit
1102 4225 1119 4266 ,
1147 4167 1274 4246 bonu

120 4314 196 4391 que
219 4305 385 4384 exutus,
421 4292 626 4371 interdicto
659 4295 749 4393 igni
772 4309 890 4398 atquae
916 4320 1045 4396 apua,
1078 4315 1186 4368 saxo
1210 4290 1274 4361 Se·

121 4406 252 4507 rupilio
277 4412 522 4488 commuue
558 4415 650 4510 Qui
675 4416 832 4517 qaudam
857 4416 966 4491 lociu
990 4412 1045 4487 ita
1070 4402 1280 4512 capiendus

123 4718 197 4761 cm
212 4618 265 4758 1¹1ss
295 4612 345 4674 De
375 4616 415 4676 T.
446 4615 581 4681 Labieno
612 4621 667 4684 illo
696 4623 854 4685 accuratius
884 4619 1048 4698 expositum
1077 4624 1126 4679 ast
1152 4615 1183 4677 in
1215 4608 1277 4676 Ex·
