2670 5294
501 310 710 365 nonnus
733 312 777 365 v.
1136 286 1225 366 369

89 482 97 551 l
131 474 221 550 sinu
256 470 459 569 Octaviae,
493 500 686 552 novercae
719 476 900 577 quidern,
940 477 1008 551 sed
1041 474 1223 552 mulieris

89 594 310 687 tutissimae,
343 596 548 671 educatum
578 594 697 671 truse
728 604 770 670 et
796 596 923 671 omnis
946 595 1114 669 liberalis
1140 596 1221 669 do·

89 712 205 807 ln‘nae
223 712 380 787 edentia
395 714 644 809 turonicum,
669 722 729 808 et,
753 714 794 787 id
819 714 922 813 quod
946 713 1104 788 Horatio
1127 713 1219 810 ipso

89 838 157 906 stc
173 831 266 905 satis
283 832 480 931 cognitum
494 832 700 925 habemus,
719 842 800 907 nrm
818 832 1003 929 temporis
1020 857 1092 905 usu
1111 856 1217 927 ‹pro-

89 952 267 1026 rmmodo
293 960 335 1025 et
358 972 471 1024 more
495 962 696 1049 receptum
720 950 861 1043 finisse,
887 958 950 1044 ut,
976 951 1044 1048 qui
1065 950 1214 1023 doctri-

89 1090 130 1143 le
163 1078 206 1143 et
236 1068 428 1168 politioris
452 1068 702 1144 humanitatis
726 1093 869 1144 nomen
894 1078 933 1142 et
956 1068 1214 1143 existimatio-

89 1206 147 1259 em
180 1184 397 1281 affectaret,
442 1188 549 1285 poesi
580 1212 737 1285 operam
771 1196 926 1261 navaret
955 1189 1213 1284 versibusque

89 1304 271 1379 ribendis
304 1306 474 1405 aliquam
506 1304 649 1381 lamam
687 1306 869 1403 consequi
910 1306 1094 1379 studeret.
1153 1307 1211 1381 Ac

89 1424 403 1519 remadmodum‚
430 1432 475 1498 ut
499 1420 578 1524 jam
603 1448 719 1525 supra
738 1423 976 1515 monuimus,
1000 1422 1209 1496 verisimil-

89 1566 192 1615 num
213 1552 296 1633 est,
321 1543 465 1643 ingenii
482 1538 566 1642 ejus
582 1554 820 1619 venustatem
838 1542 957 1615 finisse
972 1540 1208 1618 effectricem

89 1659 258 1761 ogrrlaris
282 1664 451 1763 gratiae,
483 1686 561 1759 qua
585 1662 687 1760 apud
711 1664 927 1761 Arrgsrstum
950 1658 1127 1753 floreret,
1152 1660 1208 1736 ita

89 1802 125 1853 x
150 1780 314 1855 dubium
338 1788 398 1857 est
422 1779 519 1877 quin
543 1781 635 1855 artis
659 1781 830 1877 poeticae
856 1778 1093 1877 potissimum
1125 1786 1205 1851 stu·

89 1920 117 1973 a
131 1920 226 1972 eum
241 1898 401 1973 Horatio
417 1899 715 1973 conciliaverint.
759 1896 909 1973 Scimus
924 1897 1029 1971 enirn
1043 1898 1200 1973 Poetam

89 2016 293 2091 enusinum
309 2040 458 2092 amasse
476 2040 702 2117 congressus
718 2039 988 2113 sermonesque
1005 2018 1202 2091 doctorum

89 2135 283 2209 mutim
303 2132 509 2235 iuvenum,
534 2136 650 2233 eique
674 2158 767 2233 prae
791 2134 950 2209 caeteris
973 2133 1075 2208 haud
1099 2132 1202 2234 inju-

89 2254 222 2327 urdam
245 2252 364 2330 fuisse
389 2255 702 2331 consuetudinem
728 2253 918 2346 cumeis,
950 2253 1016 2350 spu
1050 2254 1087 2325 iu
1115 2255 1199 2328 aula

89 2368 243 2469 rincipis
267 2372 456 2449 viverent.
508 2370 683 2446 Sufficiet
707 2394 1024 2445 commemorasse
1049 2371 1112 2445 hio
1130 2372 1201 2446 Ju-

89 2512 149 2563 nn
182 2490 362 2581 Florum,
405 2490 549 2564 Titium
580 2489 810 2588 Septimium
844 2497 886 2563 et
917 2488 1092 2583 meum,
1133 2493 1199 2589 qui

89 2618 405 2685 »memorantur
423 2609 464 2683 in
480 2608 587 2683 Libr.
602 2608 634 2681 1.
651 2607 819 2707 Epistola
835 2607 979 2706 ‹printa-
1004 2608 1199 2709 Magnum,

89 2752 133 2803 ro
149 2727 330 2803 Horatius
348 2753 437 2803 eum
452 2728 527 2801 illis
550 2723 865 2827 conjungeretur,
890 2728 1082 2803 vinculum
1104 2738 1198 2823 erat,

89 2844 162 2921 rod
186 2847 324 2921 eadem
348 2846 473 2921 studia
496 2847 673 2919 amabant
696 2853 737 2921 et
760 2846 983 2921 tractabant.

156 2964 286 3061 Atque
311 2966 447 3039 eadem
465 2965 678 3040 studiomm
698 2964 904 3039 similitudo
922 2972 960 3040 et
978 2990 1198 3042 sermonum

89 3090 345 3180 lterorumque
369 3084 609 3176 commuuio,
635 3084 726 3157 alita
750 3084 881 3181 procul
899 3084 1015 3160 dubio
1034 3094 1074 3160 et
1092 3096 1199 3161 aucta

89 3224 145 3275 rm
169 3200 412 3277 observantia
436 3213 477 3277 et
501 3201 636 3277 officiis
661 3202 810 3295 multis,
845 3207 928 3277 tum
957 3204 1073 3277 etiam
1105 3230 1199 3281 con·

89 3317 257 3393 uetudine
274 3321 508 3418 (prendisse,
533 3320 795 3397 iideturmihi
811 3320 1011 3394 Horatium
1035 3322 1134 3395 inter
1158 3331 1198 3395 et

89 3436 188 3511 ilum
219 3438 429 3513 diatonium
462 3438 758 3514 familiaritatem
789 3434 957 3513 effecisse
989 3463 1067 3537 qua
1104 3440 1197 3515 nihil

89 3562 183 3631 »mot
206 3580 292 3631 esse
316 3553 567 3657 conjunctius.
618 3557 713 3632 Nam
729 3557 927 3631 Horatium
941 3558 1009 3633 illo
1034 3557 1195 3633 familia-

89 3674 206 3749 nime
230 3700 343 3750 usum
367 3700 470 3771 esse,
495 3676 663 3775 primum
686 3674 782 3749 milri
806 3672 892 3775 jure
907 3676 1041 3753 videor
1058 3678 1120 3754 vel
1142 3703 1195 3754 cx

89 3821 98 3865 ι
135 3792 316 3895 colligere
347 3820 481 3892 posse,
514 3797 618 3892 (prod
642 3795 752 3869 illum
776 3818 815 3869 v.
841 3796 880 3867 2.
912 3798 1074 3887 „.lule“
1100 3798 1197 3873 allo-

89 3920 165 3985 tlus
190 3920 259 3987 est.
312 3910 425 3988 Subit
439 3913 572 3987 mirari
585 3914 653 4012 qui
668 3912 811 3989 factum
827 3912 895 4008 sit,
921 3922 965 3988 ut
979 3915 1082 3989 idem
1100 3918 1196 3992 ami·

89 4054 119 4105 is
151 4054 191 4104 v.
218 4035 256 4106 2.
280 4032 397 4105 Italus
428 4042 469 4106 et
493 4057 531 4107 v.
559 4036 622 4107 26.
655 4030 859 4107 Aruccius
891 4036 1100 4132 appellatus
1133 4039 1194 4129 sit,

89 4172 125 4225 tc
149 4157 298 4225 temere
321 4148 607 4250 Peerlkampius
632 4160 744 4253 negat
770 4154 1052 4230 consuetudinis
1071 4156 1194 4235 llora-

89 4292 177 4343 snae
214 4292 317 4361 csse,
353 4269 533 4343 eundem
567 4269 763 4346 hominem
796 4271 838 4345 in
872 4276 1103 4353 eamriuibus
1133 4278 1192 4350 bis

90 4410 208 4463 verso
232 4388 388 4464 nomine
411 4388 566 4488 alloqui.
618 4390 701 4465 Alia
716 4390 821 4466 enim
838 4416 902 4469 res
918 4403 999 4487 est,
1024 4398 1090 4470 ubi
1115 4396 1192 4467 duo

92 4504 291 4569 Wncurnr.
312 4504 487 4569 Gouurur.
920 4514 971 4589 24
