2670 5294
174 714 249 793 372
514 739 563 789 oa
590 735 727 791 casato
753 734 979 787 neumausi.

279 902 459 980 Minatus
492 898 762 994 timiamate,
789 924 893 999 otene
917 898 1161 973 detraxerat
1319 1000 1322 1007 Ι

357 1019 485 1095 Servio
511 1018 659 1093 amimea
679 1017 870 1120 perfidia:
1319 1016 1326 1111 'p

177 1144 318 1243 «potus
351 1141 393 1216 tn
426 1139 554 1216 vum
586 1136 755 1236 ‹paestu
787 1137 886 1212 ineu
920 1137 1116 1212 afflarat
1148 1137 1189 1211 in
1218 1118 1327 1213 seu*

178 1258 425 1363 Pompeium
452 1260 519 1335 sed
545 1256 773 1360 flagitiosum
788 1254 842 1331 Μ.
860 1256 1025 1332 Antonii
1051 1257 1222 1367 dedecus
1237 1282 1297 1332 rer·

179 1382 282 1453 siints
306 1404 414 1480 seqq·
885 1386 895 1409 ‘

233 1500 460 1587 Rotnamta,
488 1496 585 1588 tuo,
613 1495 712 1571 teat
735 1536 789 1555 -
807 1494 965 1597 portari
985 1492 1188 1592 negabitis
1211 1536 1254 1550 -

306 1614 591 1716 Emnnoipntna
605 1612 806 1715 sanione,

230 1739 324 1812 Fert
348 1736 499 1811 vanum
523 1748 560 1809 et
583 1761 700 1808 orma
723 1733 856 1826 mrim,
884 1744 922 1807 et
947 1732 1202 1834 spadonibus

309 1850 463 1930 Servat
486 1851 641 1949 negotia
661 1864 804 1953 potest,

231 1976 415 2074 Interque
438 1970 554 2069 rigam
579 1984 694 2072 turpe
717 1970 910 2047 nniitnrin

307 2093 376 2165 Sol
398 2088 567 2192 adspicit
590 2088 809 2191 compium,

179 2209 355 2311 impingit
378 2208 582 2302 exercitui,
616 2233 661 2284 ao
687 2210 841 2305 duoem,
875 2218 915 2286 ut
938 2235 977 2287 v.
1004 2214 1043 2285 7.
1072 2207 1187 2287 Sext.
1212 2210 1309 2287 Pom-

179 2328 331 2432 pejmm
368 2351 417 2403 ne
450 2328 574 2404 obiter
606 2328 763 2426 quidem
795 2338 983 2407 memorat
1014 2339 1054 2406 et
1087 2332 1310 2431 Cleopatram

179 2459 324 2525 tantttm
357 2446 512 2547 obliqua
547 2447 678 2548 tangit.
745 2448 859 2523 Auno
891 2457 976 2550 post
1008 2475 1103 2526 oum
1138 2452 1189 2526 tie
1222 2458 1312 2550 rapta

181 2567 430 2658 Alexandria,
466 2572 503 2640 et
534 2566 746 2643 voluntaria
770 2567 822 2641 Μ.
848 2569 1004 2643 Antonii
1034 2575 1078 2643 et
1106 2570 1311 2669 Cleopatrae

180 2698 304 2764 morte
320 2686 476 2760 nuntius
493 2686 653 2759 Romam
668 2686 801 2760 allatus
818 2696 929 2782 asset,
947 2690 1168 2787 composuit
1180 2686 1311 2762 Lnnss.

179 2810 293 2882 odam
319 2810 402 2898 37„
438 2806 480 2877 in
513 2828 634 2902 eatpte
668 2802 855 2882 affinioris
888 2808 1022 2906 plenus
1059 2807 1228 2881 laetitiae
1258 2805 1310 2878 uni

180 2926 400 3024 Cleopatrae
439 2923 649 3017 insultavit,
689 2948 740 2999 ne
776 2927 896 3002 verbo
939 2925 1102 3022 (pridem
1139 2927 1310 3026 stringens

177 3045 409 3135 Antonium,
445 3065 672 3140 ‹ptamquam
699 3045 864 3143 patriae,
888 3044 1078 3138 nominis,
1106 3053 1241 3147 togae,
1264 3042 1309 3115 ia-

178 3166 299 3236 scium
325 3162 484 3256 oblitus,
517 3170 558 3235 ut
583 3161 635 3235 ait
659 3162 795 3238 Florus
818 3162 923 3237 Libr.
948 3161 1015 3235 lv.
1049 3187 1086 3237 o.
1118 3166 1180 3238 ΙΙ.
1213 3164 1307 3254 §.3.‚

176 3290 279 3357 totus
304 3282 345 3353 in
370 3289 582 3356 monstrum
609 3281 725 3375 illud,
751 3290 793 3357 ut
810 3291 958 3374 mente,
985 3281 1038 3354 ita
1066 3282 1200 3357 animo
1224 3307 1307 3381 quo-

176 3424 251 3497 quo
277 3408 314 3473 et
341 3401 442 3475 cultu
468 3399 689 3473 (lasciveret.
741 3401 887 3495 Quanta
905 3401 946 3474 in
964 3406 1136 3501 utroque
1155 3401 1306 3477 camina

175 3519 300 3592 oblata
325 3526 406 3592 erat
431 3519 689 3616 opportunitas
719 3518 922 3594 insectandi
954 3518 1075 3594 istum
1111 3520 1304 3603 hominem,

174 3663 248 3736 qua
281 3647 408 3714 tamen
441 3645 521 3711 tam
552 3661 686 3734 pamm
719 3662 811 3712 tostus
843 3646 902 3711 ost
934 3637 1139 3730 Horatius,
1177 3648 1220 3713 ut
1252 3636 1302 3712 vei

174 3757 328 3832 nomina
368 3753 451 3857 ejus
484 3781 527 3830 ao
560 3755 752 3830 mentione
786 3756 1011 3851 abstulerat,
1054 3760 1203 3830 nedum
1235 3753 1303 3855 ejus

173 3876 308 3975 flagitia
334 3901 379 3951 aa
413 3877 598 3948 dedecora
632 3875 861 3971 posteritatis
895 3874 1109 3949 memoriae
1142 3876 1302 3950 trater-et.

172 3994 282 4087 Quod
308 3995 463 4092 quidem
491 3995 662 4067 consulto
688 3993 737 4067 ab
763 4017 811 4067 eo
836 3992 977 4067 factum
1003 4017 1110 4085 esse,
1137 3995 1223 4092 quis
1248 4002 1302 4080 est,

173 4111 240 4207 qui
272 4111 410 4185 infitias
445 4107 532 4185 eat?
577 4112 662 4186 Jam
689 4112 722 4184 ai
746 4113 795 4186 ad
820 4112 1041 4209 hocusque
1068 4123 1223 4210 tempus
1247 4134 1303 4208 pe

171 4239 342 4324 pererrat
367 4230 419 4302 M.
449 4231 610 4303 mitonio
635 4231 811 4304 Horatius
844 4231 924 4305 sive
955 4230 1115 4327 pudoris
1147 4232 1304 4327 quodam

168 4368 282 4419 settsu
316 4350 451 4422 ditonis
484 4350 566 4423 sivo
591 4349 837 4424 admiratione
861 4349 1046 4424 virtutum
1072 4345 1155 4448 ejus
1180 4358 1302 4422 natura

166 4461 387 4559 insitarum,
421 4491 583 4564 quarum
608 4469 729 4541 multo
755 4468 883 4566 piures
908 4492 988 4541 non
1013 4475 1146 4565 posset
1171 4465 1303 4539 nonin

166 4602 213 4652 eo
230 4582 529 4660 animadvertere
547 4612 660 4684 «ptam
676 4587 717 4659 in
734 4586 894 4661 Caesare
911 4584 1133 4680 Octaviano,
1154 4586 1301 4658 dubium

164 4721 247 4772 essa
275 4703 404 4798 nequit
430 4707 541 4801 quin,
576 4731 628 4779 ax
655 4730 732 4803 quo
757 4707 806 4779 ab
833 4701 914 4806 ejus
939 4702 1039 4797 filio,
1075 4703 1168 4781 Julo
1193 4705 1301 4778 Anto·

160 4817 246 4909 nio,
274 4820 467 4896 obseruari
495 4826 645 4923 colique
673 4832 830 4924 coeptus
855 4823 989 4917 fuerit,
1017 4822 1114 4899 haee
1138 4824 1223 4925 ipsa
1242 4843 1301 4895 ne·
