2686 5236
94 604 173 681 360
438 624 487 673 ns
515 620 650 673 csssro
677 620 901 673 ranunssr.

93 786 302 865 Triumviri
327 788 419 863 olim
445 784 651 864 adversarii
675 786 776 875 titio,
804 794 848 856 ut
877 808 973 858 carni
1005 784 1113 859 iilam
1134 786 1223 883 pri'·

96 932 212 1011 gnam
235 906 311 1005 ipsi
334 905 506 982 odiosam
530 929 575 980 ac
600 903 822 997 modestam,
848 912 938 977 tum
955 904 1137 1003 inprimis

96 1026 219 1128 gratia
243 1024 444 1101 florentem
468 1049 513 1099 au
538 1030 733 1122 potentem
764 1022 1031 1099 sulrverterct.
1092 1024 1123 1097 A
1162 1057 1203 1112 a:

96 1146 214 1220 tando
232 1151 362 1219 autem
381 1138 568 1241 ejusmodi
591 1141 735 1216 scelere
748 1140 915 1238 duliam,
941 1144 1080 1218 modu
1095 1143 1120 1215 l.
1140 1175 1143 1188 ·

97 1262 215 1341 animi
239 1259 439 1353 seminam,
463 1260 557 1335 mibi
582 1259 913 1359 persuasissimum
941 1270 1004 1335 est
1026 1262 1169 1360 pariter
1198 1351 1200 1354 Ι

96 1380 212 1455 titisse
240 1402 286 1455 ac
300 1378 432 1456 Julum
449 1379 682 1473 Antonium,
707 1377 837 1453 virum
861 1378 1021 1454 bonum
1047 1404 1093 1455 ao
1141 1412 1145 1444 ι
1270 1431 1271 1452 ,

97 1506 138 1575 et
161 1497 331 1598 Arrgusto
356 1498 486 1573 multis
507 1497 726 1572 nominibus
751 1496 1001 1571 obstrictum.
1058 1497 1107 1572 Et
1270 1511 1271 1558 ὲ

98 1624 180 1693 stus
207 1616 389 1715 'quamvis
419 1613 497 1717 jaun
530 1616 821 1715 sexagenarius,
853 1617 963 1693 vitae
1001 1625 1132 1693 tamen
1166 1657 1177 1678 υ
1255 1613 1257 1620 ’

99 1735 340 1835 imperioque
351 1734 597 1811 vehementer
609 1741 794 1827 menaeus,
811 1735 970 1833 (pretias
989 1734 1062 1835 huj
1118 1769 1150 1802 »a
1205 1816 1209 1823 ,

100 1854 313 1955 poricrdum
329 1853 565 1946 immineret,
589 1854 631 1927 in
648 1852 868 1951 pristinam,
894 1878 948 1929 ue
967 1856 1118 1948 dicam,
1163 1888 1167 1918 ι
1186 1897 1188 1914 >

99 1980 177 2047 tam
192 1973 267 2073 ipsi
283 1973 547 2048 cuidelitatem
566 1972 703 2070 erupit,
721 1978 763 2045 et
779 1970 926 2065 Iulum,
949 1972 1113 2048 affinem
1133 2008 1137 2038 ;
1187 2021 1188 2034 κ

100 2092 235 2167 eadem
260 2114 384 2188 poena
409 2090 507 2165 affici
531 2088 658 2193 jussit,
693 2116 771 2189 quo
796 2089 1069 2165 Salvidienum
1093 2101 1134 2166 et
1187 2127 1200 2154 «J

99 2208 441 2303 autumantium,
473 2220 680 2306 sabaimque
712 2209 876 2284 umicrmr
911 2211 964 2285 de
989 2234 1035 2285 se
1058 2211 1153 2285 meri
1199 2245 1229 2270 a.

101 2325 304 2402 demedio
329 2328 549 2421 srutdcrnt,
575 2335 615 2402 ot
635 2326 796 2421 Iuliam,
822 2327 981 2403 tunicam
1007 2328 1146 2424 tiliam,
1167 2350 1227 2401 uos

102 2450 184 2521 tam
200 2446 397 2538 ominibus,
421 2453 464 2519 ut
481 2446 742 2541 dictitabatur,
768 2446 921 2545 probris
938 2448 1228 2535 contaminatam,

102 2587 219 2662 qiram
256 2561 350 2638 salso
385 2564 674 2662 conspirationis
708 2565 865 2641 crimine
907 2566 1092 2641 obrutam
1134 2564 1229 2640 exilio

103 2690 287 2782 perpetuo
320 2688 360 2757 et
392 2705 620 2758 aerumnoso
652 2684 811 2782 punivit.
873 2681 995 2783 Cujus
1035 2684 1128 2759 facti
1164 2707 1230 2757 cun

102 2801 230 2900 ipssun
245 2800 365 2875 serius
376 2800 620 2876 vehementer
634 2802 864 2900 poenituisse
879 2810 1032 2878 constet
1047 2806 1107 2901 (v.
1117 2802 1231 2877 Senes

104 2921 141 2994 d.
167 2919 301 2994 Beuef.
327 2917 434 2993 Libr.
454 2918 521 2992 Vl.
547 2943 580 2994 c.
598 2921 663 2995 32.
689 2931 719 3010 §.
740 2923 817 3018 2.);
843 2922 1030 2997 credibile
1056 2932 1139 3018 est,
1164 2943 1233 2996 eun
1271 2954 1273 2961 ·

105 3040 357 3137 comperisse,
384 3062 498 3136 qiam
516 3037 653 3113 falsum
677 3037 808 3115 fuisset
832 3041 930 3115 istud
959 3039 1234 3142 conspirationis

104 3156 266 3234 crimen!
293 3158 505 3265 Utcumque
524 3166 601 3250 cst,
627 3158 668 3230 iu
687 3183 825 3258 magno
842 3182 978 3235 errore
995 3162 1144 3237 vomani
1160 3168 1235 3261 puto

106 3298 185 3367 eos,
205 3276 272 3372 qui
290 3276 499 3375 Augustimr
516 3278 744 3374 propudiosa
754 3278 833 3352 Juii
849 3287 888 3353 et
898 3276 1028 3354 Juliae
1045 3282 1127 3357 vita
1142 3280 1235 3353 unice

105 3402 323 3490 permotum
348 3417 433 3468 esso
457 3395 605 3488 dicant,
632 3403 770 3470 uttam
794 3398 963 3498 graviter
989 3400 1039 3472 de
1067 3399 1236 3473 ambobus

105 3519 297 3585 statueret.
348 3512 629 3587 l'raefocturam
651 3540 802 3590 monim
827 3540 849 3590 a
875 3541 917 3592 se
944 3527 1165 3617 susceptam
1186 3538 1236 3588 se·

105 3630 232 3705 verius
250 3630 380 3728 utique
393 3656 681 3729 nonnumquam
697 3635 983 3710 administrabat
998 3639 1237 3735 capiebatque

105 3750 228 3826 videri
259 3754 587 3845 cptgopatonoys'rqc5
623 3755 690 3827 sed
724 3753 793 3850 qui
823 3752 967 3827 faoaun
1000 3768 1084 3851 cst,
1117 3763 1176 3849 ut,
1204 3752 1237 3825 id

107 3869 213 3964 quod
244 3864 322 3967 jam
354 3870 597 3967 scriptoribus
620 3872 815 3946 veteribus
848 3872 1099 3949 mirationem
1123 3873 1237 3947 fecisse

108 3987 260 4083 scimus,
281 4011 369 4062 cum
382 3989 423 4062 iu
441 3989 603 4064 aliorum
619 3990 813 4065 adulteriis
829 3990 1071 4087 conniveret,
1099 4012 1238 4069 omnem

109 4103 354 4181 humanitatis
380 4131 532 4182 sensum
556 4132 601 4182 ac
625 4108 792 4207 parentis
825 4133 915 4208 erga
949 4134 1043 4186 suos
1077 4107 1237 4186 affectum

109 4219 277 4321 ejurasse
291 4226 503 4319 videretur,
528 4250 616 4301 cum
631 4224 805 4327 ejusdem
820 4227 953 4329 flagitii
968 4229 1082 4306 Julus
1098 4238 1139 4304 et
1153 4226 1237 4304 Juiis

108 4338 402 4418 accusarentru?
428 4344 661 4443 Temperare
679 4346 773 4420 mihi
789 4371 866 4421 non
883 4372 1041 4445 possum
1060 4350 1154 4449 quiu
1174 4347 1238 4421 buc

109 4460 373 4537 uatusoribam
392 4487 458 4557 ea,
484 4488 581 4563 quac
601 4466 649 4539 de
665 4465 736 4540 hac
760 4491 805 4541 ro
827 4491 906 4541 non
931 4467 1065 4545 miuus
1090 4467 1237 4571 graviter

109 4598 154 4649 ae
179 4578 340 4654 candide
364 4583 511 4683 scripsit
528 4583 589 4659 Jo.
610 4584 657 4663 G.
675 4583 894 4660 Locbellius
919 4585 962 4659 iu
980 4587 1239 4663 Dissertationc

109 4696 156 4771 de
173 4693 327 4799 Augusti
342 4699 555 4803 Principatu
581 4703 622 4778 in
639 4702 701 4778 Fr.
726 4704 774 4780 de
788 4703 988 4781 Raumeri:
1016 4700 1237 4784 Historiam·
