2670 5294
400 276 449 324 nr
477 278 612 327 crssro
633 280 851 329 rsurrrnsr.
1135 261 1208 333 215

57 430 265 511 Caeterum
297 434 512 513 Seriverius
544 439 662 517 otiam
696 450 736 517 et
766 441 922 519 Delriru
952 441 1082 520 Cassio
1114 444 1208 521 Par-

55 553 186 631 mensi
218 578 432 657 eognomen
465 558 601 633 Severi
627 560 868 659 impertiunt,
911 564 1105 639 oommrnri
1135 565 1208 640 isto

57 696 192 749 errore
218 676 342 769 dueti,
368 698 393 749 a
417 702 496 775 quo
512 686 639 753 tamen
655 680 729 753 sibi
744 682 844 756 cavit
860 682 1033 756 Bothius.
1071 682 1206 759 Raetos

57 816 152 868 nam
185 794 235 867 ad
268 795 456 870 tuendum
487 796 584 870 iliud
616 797 963 898 vindicandumque
996 825 1207 901 cognomen

57 935 175 987 nemo
200 912 274 987 erit
298 913 368 1011 qui
392 922 532 989 testem
556 918 741 1015 producat
773 919 888 995 ishun
911 917 1140 1019 Apuleium,
1166 920 1208 993 in

58 1026 170 1131 mrjns
194 1032 321 1107 libello
347 1032 396 1107 de
422 1030 701 1135 Orthographia
725 1047 757 1126 §.
776 1040 839 1112 28.
864 1038 1046 1141 legimus:
1077 1041 1207 1132 „Cas-

59 1146 146 1223 sius
177 1152 343 1225 &umus
366 1148 413 1224 in
437 1151 517 1229 lV.
543 1154 749 1248 tragoedia
768 1208 780 1231 .
798 1204 811 1229 .
828 1163 900 1249 .“,
926 1158 994 1231 nbi
1017 1157 1065 1231 A.
1081 1155 1206 1256 Majus

58 1294 139 1345 uon
164 1269 351 1345 didritavit
374 1270 588 1371 intelligere
604 1272 778 1348 Cassimn
794 1274 1062 1370 Parmensem,
1089 1299 1206 1373 aquo

57 1390 197 1463 multas
221 1389 433 1489 tragoedias
458 1391 620 1488 scriptas
650 1414 736 1465 esse
765 1400 988 1469 attestentur
1011 1394 1142 1469 Aaron
1167 1403 1206 1469 et

59 1506 320 1607 Porphyrion,
360 1508 511 1583 Horatii
544 1507 792 1587 scholiastae.
851 1511 898 1586 In
931 1509 1024 1613 Maji
1054 1510 1206 1588 ¹senten-

59 1626 152 1703 tiam
182 1626 331 1701 transiit
361 1626 425 1703 Fr.
453 1624 629 1703 Osannus
652 1654 692 1727 p.
716 1631 781 1705 62.
798 1654 858 1729 sq.
917 1630 971 1703 At
995 1631 1205 1727 ve1issima,
1277 1623 1285 1633 ’

57 1746 92 1821 si
117 1745 211 1843 quid
235 1742 385 1845 judico,
419 1742 481 1821 Jo.
505 1744 585 1821 Nio.
610 1746 823 1851 Madvigius
846 1748 889 1823 in
912 1748 1061 1825 Prolus.
1085 1750 1205 1827 dead.

56 1863 173 1940 flatu.
201 1866 315 1939 1829.
341 1890 381 1964 p.
407 1866 470 1940 21.
486 1890 545 1964 sq.
572 1861 751 1964 oonjeeit,
785 1868 901 1943 istum
925 1864 1128 1969 Apniojrun
1153 1893 1206 1944 ex

57 1982 145 2059 loeo
170 1980 301 2059 Ovidii
333 2008 386 2059 ex
410 1984 524 2059 Pont.
550 1982 959 2086 Lu›r.1v.uleg.1o.
984 2012 1024 2063 v.
1041 1989 1079 2061 9.
1105 1990 1206 2063 mala

58 2102 273 2195 intelleeto,
299 2128 390 2181 eum
413 2128 485 2201 pro
511 2100 691 2177 Cornelio
717 2101 864 2179 Severo
892 2101 1064 2180 Cassimn
1089 2106 1206 2206 signi-

57 2218 165 2297 iiouri
198 2229 390 2321 putasset,
432 2246 600 2319 ornnque
636 2223 788 2323 uulgari
825 2246 957 2298 errore
991 2248 1080 2297 oum
1112 2224 1206 2297 Par-

56 2339 183 2415 mensi
206 2338 460 2433 oonfudisset,
486 2340 589 2415 huno
614 2339 788 2414 Cassimn
814 2340 1005 2417 Severum
1022 2343 1206 2441 tragiornn

56 2456 242 2535 effecisse.
301 2458 442 2533 Contra
473 2458 573 2533 hano
604 2458 784 2559 Madvigii
817 2459 1044 2535 sententiam
1076 2460 1206 2559 ‹lispu-

55 2577 151 2653 tavit
183 2576 250 2653 Fr.
277 2573 452 2651 Osannns
484 2578 524 2650 in
548 2573 678 2652 Jaimii
702 2577 837 2653 Annal.
861 2576 1000 2653 Litter.
1027 2584 1064 2653 et
1089 2578 1205 2653 Paed.

57 2694 147 2771 vol.
163 2694 272 2769 XIII.
305 2722 345 2795 p.
373 2696 462 2771 323.
490 2721 569 2794 sq„
608 2722 682 2772 neo
706 2704 836 2775 tamen
861 2694 1010 2792 effecit,
1044 2706 1088 2771 ut
1112 2723 1206 2798 pro·

56 2822 145 2917 pter
168 2838 290 2889 unum
313 2810 543 2915 Apuiejrnn,
578 2821 713 2889 testem
738 2825 960 2917 eorruptum
985 2824 1023 2892 et
1047 2825 1207 2916 propter

55 2932 187 3033 ipsum
209 2941 384 3033 tempus,
409 2959 487 3031 quo
506 2934 624 3027 vixit,
649 2940 693 3009 ut
707 2932 1067 3011 Jurisoomultorum
1085 2938 1205 3011 verbo

56 3058 167 3145 utar,
199 3051 476 3145 intestabilem,
513 3053 651 3128 Poetae
676 3052 876 3129 Pannensi
901 3078 1114 3156 cognomen
1139 3058 1205 3129 Se-

54 3167 145 3247 ueri
167 3168 385 3247 adhaesisse
410 3174 578 3247 credam.

160 3290 437 3385 Quaerentibus
463 3300 594 3367 autem
627 3292 741 3365 nobis
766 3290 930 3384 fontem,
965 3316 1014 3365 ox
1039 3317 1117 3389 quo
1142 3291 1206 3366 illo
1239 3312 1248 3327 ·

54 3432 169 3487 error
193 3409 448 3503 emanaverit,
472 3434 553 3486 non
578 3418 637 3487 est
662 3411 711 3483 ad
726 3410 1015 3509 intelligendum
1041 3406 1205 3501 difficile,

53 3528 151 3605 inde
174 3526 317 3604 facum
332 3552 448 3629 ¹esse,
490 3530 618 3629 qnod,
659 3529 724 3626 qui
749 3528 917 3628 primum
942 3530 993 3603 de
1016 3530 1208 3602 Rornano-

53 3672 148 3725 rum
170 3646 308 3723 litteris
339 3647 525 3747 scripsere
550 3646 634 3722 Viri
657 3647 793 3741 Docti,
829 3648 1000 3722 Cassium
1024 3648 1208 3721 Parmen-

53 3790 141 3845 aem
164 3764 322 3841 Poatam
359 3790 450 3842 oum
485 3765 615 3841 Cassio
650 3764 795 3841 Severo
824 3763 1007 3858 Oratore,
1037 3767 1096 3839 de
1129 3791 1206 3865 quo

53 3886 175 3963 modo
200 3884 389 3978 diximus,
414 3908 484 3983 per
507 3886 695 3961 incuriam
717 3886 925 3984 quamdam
941 3882 1207 3961 confuderunt.

53 4002 144 4083 dam
168 4028 249 4105 quo
273 3998 397 4105 major
420 4003 575 4079 illonnn
609 4012 693 4081 erat
721 4004 926 4079 auotoritas
951 4012 990 4079 et
1015 4006 1209 4083 doetrinae

54 4120 182 4219 fama,
215 4122 292 4201 hoo
323 4123 471 4222 plures,
512 4132 559 4198 ut
590 4124 675 4200 fieri
708 4124 866 4218 assolet,
903 4124 1207 4220 inveniebantu,

55 4242 146 4343 qui,
171 4244 218 4319 re
242 4266 324 4319 non
347 4242 508 4343 amplius
525 4244 744 4344 explorata,
770 4252 1022 4341 sequerentur
1038 4251 1077 4319 et
1092 4244 1207 4317 istum

55 4384 231 4439 errorem
271 4362 394 4441 veluti
432 4388 505 4465 per
546 4366 744 4440 traducem
786 4364 835 4436 ad
878 4372 1044 4440 nostram
1087 4380 1207 4456 usque
