<?xml version="1.0" encoding="UTF-8"?>
<!DOCTYPE html PUBLIC "-//W3C//DTD XHTML 1.0 Transitional//EN"
    "http://www.w3.org/TR/xhtml1/DTD/xhtml1-transitional.dtd">
<html xmlns="http://www.w3.org/1999/xhtml" xml:lang="en" lang="en">
 <head>
  <title>
</title>
<meta http-equiv="Content-Type" content="text/html;charset=utf-8" />
  <meta name='ocr-system' content='tesseract 3.04.00' />
  <meta name='ocr-capabilities' content='ocr_page ocr_carea ocr_par ocr_line ocrx_word'/>
</head>
<body>
  <div class='ocr_page' id='page_1' title='image "./deluciivariietc00weicgoog_0137.png"; bbox 0 0 2670 5294; ppageno 0'>
   <div class='ocr_carea' id='block_1_1' title="bbox 405 334 1196 409">
    <p class='ocr_par' dir='ltr' id='par_1_1' title="bbox 405 334 1196 409">
     <span class='ocr_line' id='line_1_1' title="bbox 405 334 1196 409; baseline 0.004 -4"><span class='ocrx_word' id='word_1_1' title='bbox 405 355 456 405; x_wconf 76' lang='lat' dir='ltr'>on</span> <span class='ocrx_word' id='word_1_2' title='bbox 483 356 519 405; x_wconf 85' lang='grc' dir='ltr'>ι.</span> <span class='ocrx_word' id='word_1_3' title='bbox 545 354 672 406; x_wconf 72' lang='lat' dir='ltr'>vanno</span> <span class='ocrx_word' id='word_1_4' title='bbox 700 358 844 408; x_wconf 76' lang='lat' dir='ltr'>conca.</span> <span class='ocrx_word' id='word_1_5' title='bbox 1124 334 1196 409; x_wconf 84' lang='lat'>115</span> 
     </span>
    </p>
   </div>
   <div class='ocr_carea' id='block_1_2' title="bbox 42 514 1201 1211">
    <p class='ocr_par' dir='ltr' id='par_1_2' title="bbox 42 514 1201 1211">
     <span class='ocr_line' id='line_1_2' title="bbox 42 514 1193 620; baseline 0.003 -26"><span class='ocrx_word' id='word_1_6' title='bbox 42 514 186 620; x_wconf 82' lang='lat' dir='ltr'>majori</span> <span class='ocrx_word' id='word_1_7' title='bbox 210 542 300 593; x_wconf 84' lang='lat' dir='ltr'>omn</span> <span class='ocrx_word' id='word_1_8' title='bbox 323 516 366 593; x_wconf 91' lang='lat' dir='ltr'>vi</span> <span class='ocrx_word' id='word_1_9' title='bbox 397 519 563 593; x_wconf 82' lang='lat' dir='ltr'>relatum</span> <span class='ocrx_word' id='word_1_10' title='bbox 587 542 685 593; x_wconf 90' lang='lat' dir='ltr'>esse.</span> <span class='ocrx_word' id='word_1_11' title='bbox 734 518 853 596; x_wconf 81' lang='lat' dir='ltr'>Recte</span> <span class='ocrx_word' id='word_1_12' title='bbox 876 521 973 597; x_wconf 88' lang='lat' dir='ltr'>illud</span> <span class='ocrx_word' id='word_1_13' title='bbox 998 528 1193 620; x_wconf 82' lang='lat' dir='ltr'><strong>tamquam</strong></span> 
     </span>
     <span class='ocr_line' id='line_1_3' title="bbox 45 634 1195 744; baseline 0.003 -32"><span class='ocrx_word' id='word_1_14' title='bbox 45 638 302 739; x_wconf 78' lang='lat' dir='ltr'><strong>epiphonema</strong></span> <span class='ocrx_word' id='word_1_15' title='bbox 328 637 528 713; x_wconf 83' lang='lat' dir='ltr'>commatis</span> <span class='ocrx_word' id='word_1_16' title='bbox 553 634 739 740; x_wconf 83' lang='lat' dir='ltr'>disjunxit</span> <span class='ocrx_word' id='word_1_17' title='bbox 751 639 851 716; x_wconf 88' lang='lat' dir='ltr'>Phil.</span> <span class='ocrx_word' id='word_1_18' title='bbox 873 641 1083 744; x_wconf 84' lang='lat' dir='ltr'>Wagnerus</span> <span class='ocrx_word' id='word_1_19' title='bbox 1090 694 1102 735; x_wconf 93' lang='lat'><strong><em>,</em></strong></span> <span class='ocrx_word' id='word_1_20' title='bbox 1128 642 1195 741; x_wconf 80' lang='lat' dir='ltr'>qui</span> 
     </span>
     <span class='ocr_line' id='line_1_4' title="bbox 46 754 1197 859; baseline 0.003 -28"><span class='ocrx_word' id='word_1_21' title='bbox 46 758 164 831; x_wconf 82' lang='lat' dir='ltr'>etiam</span> <span class='ocrx_word' id='word_1_22' title='bbox 190 758 239 832; x_wconf 92' lang='lat' dir='ltr'>de</span> <span class='ocrx_word' id='word_1_23' title='bbox 263 756 350 833; x_wconf 89' lang='lat' dir='ltr'>loco</span> <span class='ocrx_word' id='word_1_24' title='bbox 367 754 542 859; x_wconf 82' lang='lat' dir='ltr'>Georgio.</span> <span class='ocrx_word' id='word_1_25' title='bbox 567 756 676 830; x_wconf 85' lang='lat' dir='ltr'>Libr.</span> <span class='ocrx_word' id='word_1_26' title='bbox 695 756 766 830; x_wconf 90' lang='lat' dir='ltr'>Ill.</span> <span class='ocrx_word' id='word_1_27' title='bbox 791 784 831 834; x_wconf 82' lang='lat' dir='ltr'>v.</span> <span class='ocrx_word' id='word_1_28' title='bbox 850 760 938 835; x_wconf 81' lang='lat'><strong>254.</strong></span> <span class='ocrx_word' id='word_1_29' title='bbox 964 760 1089 834; x_wconf 87' lang='lat' dir='ltr'>deleta</span> <span class='ocrx_word' id='word_1_30' title='bbox 1109 766 1197 859; x_wconf 84' lang='lat' dir='ltr'>post</span> 
     </span>
     <span class='ocr_line' id='line_1_5' title="bbox 47 877 1195 976; baseline -0.001 -23"><span class='ocrx_word' id='word_1_31' title='bbox 47 900 83 953; x_wconf 71' lang='lat' dir='ltr'>u.</span> <span class='ocrx_word' id='word_1_32' title='bbox 119 890 326 976; x_wconf 69' lang='lat' dir='ltr'>conseptos</span> <span class='ocrx_word' id='word_1_33' title='bbox 351 878 486 976; x_wconf 88' lang='lat' dir='ltr'>copula</span> <span class='ocrx_word' id='word_1_34' title='bbox 518 877 715 975; x_wconf 81' lang='lat' dir='ltr'>praeclare</span> <span class='ocrx_word' id='word_1_35' title='bbox 749 879 901 952; x_wconf 75' lang='lat' dir='ltr'>meruit.</span> <span class='ocrx_word' id='word_1_36' title='bbox 926 920 979 935; x_wconf 89' lang='lat'>-</span> <span class='ocrx_word' id='word_1_37' title='bbox 1014 878 1140 953; x_wconf 81' lang='lat' dir='ltr'>Versu</span> <span class='ocrx_word' id='word_1_38' title='bbox 1157 880 1195 954; x_wconf 83' lang='lat'>6.</span> 
     </span>
     <span class='ocr_line' id='line_1_6' title="bbox 47 995 1201 1095; baseline 0.003 -26"><span class='ocrx_word' id='word_1_39' title='bbox 47 1004 262 1095; x_wconf 78' lang='lat' dir='ltr'>opporume</span> <span class='ocrx_word' id='word_1_40' title='bbox 296 996 447 1071; x_wconf 69' lang='lat' dir='ltr'>conieci</span> <span class='ocrx_word' id='word_1_41' title='bbox 478 995 650 1091; x_wconf 87' lang='lat' dir='ltr'>lleynius</span> <span class='ocrx_word' id='word_1_42' title='bbox 675 1020 765 1069; x_wconf 84' lang='lat' dir='ltr'>omn</span> <span class='ocrx_word' id='word_1_43' title='bbox 795 1022 860 1073; x_wconf 85' lang='lat' dir='ltr'>vv.</span> <span class='ocrx_word' id='word_1_44' title='bbox 886 999 1067 1072; x_wconf 81' lang='lat' dir='ltr'><strong><em>decedere</em></strong></span> <span class='ocrx_word' id='word_1_45' title='bbox 1090 998 1201 1073; x_wconf 80' lang='lat' dir='ltr'>nocti</span> 
     </span>
     <span class='ocr_line' id='line_1_7' title="bbox 46 1112 1195 1211; baseline 0.006 -24"><span class='ocrx_word' id='word_1_46' title='bbox 46 1112 294 1189; x_wconf 70' lang='lat' dir='ltr'>Homericum</span> <span class='ocrx_word' id='word_1_47' title='bbox 327 1118 537 1203; x_wconf 73' lang='grc' dir='ltr'><em>πειθώμεθα</em></span> <span class='ocrx_word' id='word_1_48' title='bbox 575 1117 667 1186; x_wconf 76' lang='grc' dir='ltr'><em>νυκτὶ</em></span> <span class='ocrx_word' id='word_1_49' title='bbox 708 1138 762 1189; x_wconf 82' lang='lat' dir='ltr'>ex</span> <span class='ocrx_word' id='word_1_50' title='bbox 795 1112 934 1211; x_wconf 76' lang='lat' dir='ltr'><strong>OdySS.</strong></span> <span class='ocrx_word' id='word_1_51' title='bbox 969 1115 1078 1192; x_wconf 78' lang='lat' dir='ltr'>Libr.</span> <span class='ocrx_word' id='word_1_52' title='bbox 1103 1117 1195 1194; x_wconf 85' lang='grc' dir='ltr'>ΧΠ.</span> 
     </span>
    </p>
   </div>
   <div class='ocr_carea' id='block_1_3' title="bbox 45 1230 1091 1314">
    <p class='ocr_par' dir='ltr' id='par_1_3' title="bbox 45 1230 1091 1314">
     <span class='ocr_line' id='line_1_8' title="bbox 45 1230 1091 1314; baseline 0.004 -4"><span class='ocrx_word' id='word_1_53' title='bbox 45 1258 80 1311; x_wconf 78' lang='lat' dir='ltr'>v.</span> <span class='ocrx_word' id='word_1_54' title='bbox 107 1236 202 1310; x_wconf 80' lang='lat'><strong>291.</strong></span> <span class='ocrx_word' id='word_1_55' title='bbox 229 1234 278 1309; x_wconf 82' lang='lat' dir='ltr'>cl.</span> <span class='ocrx_word' id='word_1_56' title='bbox 301 1232 413 1308; x_wconf 79' lang='lat' dir='ltr'>Iliad.</span> <span class='ocrx_word' id='word_1_57' title='bbox 437 1230 546 1310; x_wconf 88' lang='lat' dir='ltr'>Libr.</span> <span class='ocrx_word' id='word_1_58' title='bbox 566 1230 668 1306; x_wconf 85' lang='lat' dir='ltr'>vlll.</span> <span class='ocrx_word' id='word_1_59' title='bbox 692 1256 733 1308; x_wconf 83' lang='lat' dir='ltr'>v.</span> <span class='ocrx_word' id='word_1_60' title='bbox 752 1233 842 1309; x_wconf 87' lang='grc'><strong>502.</strong></span> <span class='ocrx_word' id='word_1_61' title='bbox 875 1234 947 1311; x_wconf 88' lang='grc' dir='ltr'>ΙΧ.</span> <span class='ocrx_word' id='word_1_62' title='bbox 972 1261 1011 1312; x_wconf 86' lang='lat' dir='ltr'>v.</span> <span class='ocrx_word' id='word_1_63' title='bbox 1028 1235 1091 1314; x_wconf 92' lang='grc'>65.</span> 
     </span>
    </p>
   </div>
   <div class='ocr_carea' id='block_1_4' title="bbox 562 1472 685 1564">
    <p class='ocr_par' dir='ltr' id='par_1_4' title="bbox 562 1472 685 1564">
     <span class='ocr_line' id='line_1_9' title="bbox 562 1472 685 1564; baseline 0.016 -19"><span class='ocrx_word' id='word_1_64' title='bbox 562 1481 594 1564; x_wconf 62' lang='lat' dir='ltr'>a</span> <span class='ocrx_word' id='word_1_65' title='bbox 622 1472 685 1547; x_wconf 79' lang='lat' dir='ltr'>ia.</span> 
     </span>
    </p>
   </div>
   <div class='ocr_carea' id='block_1_5' title="bbox 39 1654 1207 4379">
    <p class='ocr_par' dir='ltr' id='par_1_5' title="bbox 39 1654 1207 4379">
     <span class='ocr_line' id='line_1_10' title="bbox 149 1654 1199 1763; baseline 0.006 -30"><span class='ocrx_word' id='word_1_66' title='bbox 149 1658 211 1733; x_wconf 86' lang='lat' dir='ltr'>De</span> <span class='ocrx_word' id='word_1_67' title='bbox 235 1654 284 1733; x_wconf 88' lang='lat' dir='ltr'>L.</span> <span class='ocrx_word' id='word_1_68' title='bbox 304 1658 409 1735; x_wconf 77' lang='lat' dir='ltr'>Varii</span> <span class='ocrx_word' id='word_1_69' title='bbox 424 1658 659 1763; x_wconf 78' lang='lat' dir='ltr'><strong>Panegyrico</strong></span> <span class='ocrx_word' id='word_1_70' title='bbox 683 1658 727 1733; x_wconf 90' lang='lat' dir='ltr'>in</span> <span class='ocrx_word' id='word_1_71' title='bbox 742 1660 956 1763; x_wconf 83' lang='lat' dir='ltr'>Augustum</span> <span class='ocrx_word' id='word_1_72' title='bbox 974 1669 1015 1739; x_wconf 88' lang='lat' dir='ltr'>et</span> <span class='ocrx_word' id='word_1_73' title='bbox 1033 1663 1082 1740; x_wconf 90' lang='lat' dir='ltr'>de</span> <span class='ocrx_word' id='word_1_74' title='bbox 1097 1672 1199 1739; x_wconf 88' lang='lat' dir='ltr'>tem·</span> 
     </span>
     <span class='ocr_line' id='line_1_11' title="bbox 39 1779 1199 1881; baseline 0.003 -28"><span class='ocrx_word' id='word_1_75' title='bbox 39 1802 164 1879; x_wconf 84' lang='lat' dir='ltr'>pore,</span> <span class='ocrx_word' id='word_1_76' title='bbox 192 1803 271 1876; x_wconf 80' lang='lat' dir='ltr'>‹pio</span> <span class='ocrx_word' id='word_1_77' title='bbox 296 1779 495 1879; x_wconf 83' lang='lat' dir='ltr'>probabile</span> <span class='ocrx_word' id='word_1_78' title='bbox 521 1779 572 1853; x_wconf 82' lang='lat' dir='ltr'>sit</span> <span class='ocrx_word' id='word_1_79' title='bbox 596 1803 687 1853; x_wconf 91' lang='lat' dir='ltr'>eum</span> <span class='ocrx_word' id='word_1_80' title='bbox 712 1804 797 1855; x_wconf 86' lang='lat' dir='ltr'>esse</span> <span class='ocrx_word' id='word_1_81' title='bbox 815 1782 1091 1881; x_wconf 88' lang='lat' dir='ltr'>compositum,</span> <span class='ocrx_word' id='word_1_82' title='bbox 1119 1783 1199 1857; x_wconf 85' lang='lat' dir='ltr'>‹lis-</span> 
     </span>
     <span class='ocr_line' id='line_1_12' title="bbox 42 1894 1199 2003; baseline 0.004 -32"><span class='ocrx_word' id='word_1_83' title='bbox 42 1897 184 1999; x_wconf 86' lang='lat' dir='ltr'>putavi</span> <span class='ocrx_word' id='word_1_84' title='bbox 207 1894 284 2001; x_wconf 88' lang='lat' dir='ltr'>jam</span> <span class='ocrx_word' id='word_1_85' title='bbox 309 1921 425 1995; x_wconf 83' lang='lat' dir='ltr'>supra</span> <span class='ocrx_word' id='word_1_86' title='bbox 449 1904 482 1985; x_wconf 79' lang='lat'>§.</span> <span class='ocrx_word' id='word_1_87' title='bbox 499 1898 538 1972; x_wconf 93' lang='grc'>0.</span> <span class='ocrx_word' id='word_1_88' title='bbox 564 1896 652 1973; x_wconf 85' lang='lat' dir='ltr'>Not.</span> <span class='ocrx_word' id='word_1_89' title='bbox 671 1898 736 1973; x_wconf 90' lang='grc'>46.</span> <span class='ocrx_word' id='word_1_90' title='bbox 794 1896 881 1975; x_wconf 84' lang='lat' dir='ltr'>Jau.</span> <span class='ocrx_word' id='word_1_91' title='bbox 906 1900 1130 2003; x_wconf 82' lang='lat' dir='ltr'>Rutgersius</span> <span class='ocrx_word' id='word_1_92' title='bbox 1156 1901 1199 1976; x_wconf 90' lang='lat' dir='ltr'>iu</span> 
     </span>
     <span class='ocr_line' id='line_1_13' title="bbox 43 2012 1200 2118; baseline 0.003 -26"><span class='ocrx_word' id='word_1_93' title='bbox 43 2016 197 2092; x_wconf 75' lang='lat' dir='ltr'>Venus.</span> <span class='ocrx_word' id='word_1_94' title='bbox 221 2014 347 2091; x_wconf 85' lang='lat' dir='ltr'>Leett.</span> <span class='ocrx_word' id='word_1_95' title='bbox 374 2040 407 2091; x_wconf 90' lang='lat' dir='ltr'>o.</span> <span class='ocrx_word' id='word_1_96' title='bbox 426 2016 464 2089; x_wconf 78' lang='lat'>3.</span> <span class='ocrx_word' id='word_1_97' title='bbox 489 2044 529 2116; x_wconf 92' lang='lat' dir='ltr'>p.</span> <span class='ocrx_word' id='word_1_98' title='bbox 547 2012 637 2091; x_wconf 85' lang='grc'><strong>250.</strong></span> <span class='ocrx_word' id='word_1_99' title='bbox 655 2042 741 2117; x_wconf 85' lang='lat' dir='ltr'>sqq.</span> <span class='ocrx_word' id='word_1_100' title='bbox 767 2019 998 2118; x_wconf 80' lang='lat' dir='ltr'>smpicatur‚</span> <span class='ocrx_word' id='word_1_101' title='bbox 1023 2021 1098 2095; x_wconf 88' lang='lat' dir='ltr'>boe</span> <span class='ocrx_word' id='word_1_102' title='bbox 1114 2045 1200 2095; x_wconf 87' lang='lat' dir='ltr'>car·</span> 
     </span>
     <span class='ocr_line' id='line_1_14' title="bbox 43 2134 1199 2234; baseline 0.001 -23"><span class='ocrx_word' id='word_1_103' title='bbox 43 2162 142 2213; x_wconf 89' lang='lat' dir='ltr'>men</span> <span class='ocrx_word' id='word_1_104' title='bbox 176 2134 315 2234; x_wconf 79' lang='lat' dir='ltr'>respici</span> <span class='ocrx_word' id='word_1_105' title='bbox 348 2136 397 2209; x_wconf 87' lang='lat' dir='ltr'>ab</span> <span class='ocrx_word' id='word_1_106' title='bbox 429 2136 587 2211; x_wconf 85' lang='lat' dir='ltr'>Horatio</span> <span class='ocrx_word' id='word_1_107' title='bbox 613 2134 721 2210; x_wconf 83' lang='lat' dir='ltr'>Libr.</span> <span class='ocrx_word' id='word_1_108' title='bbox 737 2137 770 2211; x_wconf 94' lang='grc' dir='ltr'>Ι.</span> <span class='ocrx_word' id='word_1_109' title='bbox 797 2136 871 2212; x_wconf 83' lang='grc'>00.</span> <span class='ocrx_word' id='word_1_110' title='bbox 892 2140 930 2213; x_wconf 92' lang='grc'>6.</span> <span class='ocrx_word' id='word_1_111' title='bbox 956 2165 995 2215; x_wconf 86' lang='lat' dir='ltr'>v.</span> <span class='ocrx_word' id='word_1_112' title='bbox 1015 2142 1095 2233; x_wconf 90' lang='lat'><strong>11.,</strong></span> <span class='ocrx_word' id='word_1_113' title='bbox 1131 2138 1199 2212; x_wconf 94' lang='lat' dir='ltr'>ubi</span> 
     </span>
     <span class='ocr_line' id='line_1_15' title="bbox 44 2254 1201 2357; baseline 0.001 -27"><span class='ocrx_word' id='word_1_114' title='bbox 44 2255 170 2333; x_wconf 82' lang='lat' dir='ltr'>Poeta</span> <span class='ocrx_word' id='word_1_115' title='bbox 206 2254 261 2329; x_wconf 91' lang='grc' dir='ltr'>Μ.</span> <span class='ocrx_word' id='word_1_116' title='bbox 291 2254 484 2355; x_wconf 74' lang='lat' dir='ltr'>Agrippae</span> <span class='ocrx_word' id='word_1_117' title='bbox 519 2278 562 2331; x_wconf 79' lang='lat' dir='ltr'>se</span> <span class='ocrx_word' id='word_1_118' title='bbox 595 2277 782 2331; x_wconf 67' lang='lat' dir='ltr'>excidens</span> <span class='ocrx_word' id='word_1_119' title='bbox 818 2256 890 2330; x_wconf 79' lang='lat' dir='ltr'>ait:</span> <span class='ocrx_word' id='word_1_120' title='bbox 935 2259 1032 2331; x_wconf 84' lang='lat' dir='ltr'>dum</span> <span class='ocrx_word' id='word_1_121' title='bbox 1063 2259 1201 2357; x_wconf 77' lang='lat' dir='ltr'>pudor</span> 
     </span>
     <span class='ocr_line' id='line_1_16' title="bbox 45 2372 1200 2475; baseline 0 -26"><span class='ocrx_word' id='word_1_122' title='bbox 45 2372 298 2475; x_wconf 77' lang='lat' dir='ltr'>Imbelliapue</span> <span class='ocrx_word' id='word_1_123' title='bbox 322 2375 431 2471; x_wconf 79' lang='lat' dir='ltr'>lyrae</span> <span class='ocrx_word' id='word_1_124' title='bbox 455 2377 577 2448; x_wconf 81' lang='lat' dir='ltr'>Musa</span> <span class='ocrx_word' id='word_1_125' title='bbox 594 2386 738 2473; x_wconf 76' lang='lat' dir='ltr'>potens</span> <span class='ocrx_word' id='word_1_126' title='bbox 770 2387 879 2449; x_wconf 73' lang='lat' dir='ltr'><strong><em>vetat</em></strong></span> <span class='ocrx_word' id='word_1_127' title='bbox 903 2374 1064 2450; x_wconf 82' lang='lat' dir='ltr'>Laudes</span> <span class='ocrx_word' id='word_1_128' title='bbox 1091 2401 1200 2470; x_wconf 81' lang='lat' dir='ltr'>egre-</span> 
     </span>
     <span class='ocr_line' id='line_1_17' title="bbox 43 2489 1199 2593; baseline 0.001 -26"><span class='ocrx_word' id='word_1_129' title='bbox 43 2491 111 2589; x_wconf 76' lang='lat' dir='ltr'>gii</span> <span class='ocrx_word' id='word_1_130' title='bbox 136 2489 320 2569; x_wconf 77' lang='lat' dir='ltr'>Caesaris</span> <span class='ocrx_word' id='word_1_131' title='bbox 343 2503 381 2565; x_wconf 77' lang='lat' dir='ltr'>et</span> <span class='ocrx_word' id='word_1_132' title='bbox 406 2504 497 2567; x_wconf 72' lang='lat' dir='ltr'>boas</span> <span class='ocrx_word' id='word_1_133' title='bbox 515 2494 641 2593; x_wconf 81' lang='lat' dir='ltr'>Culpa</span> <span class='ocrx_word' id='word_1_134' title='bbox 664 2495 834 2567; x_wconf 81' lang='lat' dir='ltr'><strong><em>deterere</em></strong></span> <span class='ocrx_word' id='word_1_135' title='bbox 853 2492 1008 2589; x_wconf 76' lang='lat' dir='ltr'>ingeni.-</span> <span class='ocrx_word' id='word_1_136' title='bbox 1033 2494 1075 2569; x_wconf 92' lang='lat' dir='ltr'>id</span> <span class='ocrx_word' id='word_1_137' title='bbox 1093 2495 1199 2591; x_wconf 89' lang='lat' dir='ltr'>quod</span> 
     </span>
     <span class='ocr_line' id='line_1_18' title="bbox 48 2610 1201 2711; baseline 0.001 -25"><span class='ocrx_word' id='word_1_138' title='bbox 48 2611 236 2711; x_wconf 79' lang='lat' dir='ltr'><strong><em>equidem</em></strong></span> <span class='ocrx_word' id='word_1_139' title='bbox 248 2635 376 2709; x_wconf 85' lang='lat' dir='ltr'>neque</span> <span class='ocrx_word' id='word_1_140' title='bbox 394 2610 586 2687; x_wconf 77' lang='lat' dir='ltr'>affirmare</span> <span class='ocrx_word' id='word_1_141' title='bbox 603 2611 725 2687; x_wconf 86' lang='lat' dir='ltr'>ausim</span> <span class='ocrx_word' id='word_1_142' title='bbox 738 2636 865 2711; x_wconf 71' lang='lat' dir='ltr'>nepie</span> <span class='ocrx_word' id='word_1_143' title='bbox 881 2610 1060 2688; x_wconf 79' lang='lat' dir='ltr'>refutare.</span> <span class='ocrx_word' id='word_1_144' title='bbox 1099 2611 1201 2687; x_wconf 91' lang='lat' dir='ltr'>Illud</span> 
     </span>
     <span class='ocr_line' id='line_1_19' title="bbox 48 2729 1201 2832; baseline 0.001 -24"><span class='ocrx_word' id='word_1_145' title='bbox 48 2754 146 2808; x_wconf 82' lang='lat' dir='ltr'>vero</span> <span class='ocrx_word' id='word_1_146' title='bbox 173 2729 427 2807; x_wconf 80' lang='lat' dir='ltr'>certissimum</span> <span class='ocrx_word' id='word_1_147' title='bbox 452 2738 530 2824; x_wconf 88' lang='lat' dir='ltr'>est,</span> <span class='ocrx_word' id='word_1_148' title='bbox 555 2755 789 2832; x_wconf 87' lang='lat' dir='ltr'>magnopere</span> <span class='ocrx_word' id='word_1_149' title='bbox 813 2730 894 2805; x_wconf 80' lang='lat' dir='ltr'>felli</span> <span class='ocrx_word' id='word_1_150' title='bbox 919 2732 1201 2809; x_wconf 84' lang='lat' dir='ltr'>lleerkensium</span> 
     </span>
     <span class='ocr_line' id='line_1_20' title="bbox 50 2848 1201 2949; baseline 0.001 -24"><span class='ocrx_word' id='word_1_151' title='bbox 50 2851 93 2925; x_wconf 90' lang='lat' dir='ltr'>in</span> <span class='ocrx_word' id='word_1_152' title='bbox 125 2848 289 2925; x_wconf 79' lang='lat' dir='ltr'>Pmefat.</span> <span class='ocrx_word' id='word_1_153' title='bbox 324 2849 373 2924; x_wconf 92' lang='lat' dir='ltr'>ad</span> <span class='ocrx_word' id='word_1_154' title='bbox 399 2848 535 2925; x_wconf 84' lang='lat' dir='ltr'>leones</span> <span class='ocrx_word' id='word_1_155' title='bbox 561 2876 601 2949; x_wconf 87' lang='lat' dir='ltr'>p.</span> <span class='ocrx_word' id='word_1_156' title='bbox 625 2848 825 2945; x_wconf 67' lang='lat' dir='ltr'>Imm,</span> <span class='ocrx_word' id='word_1_157' title='bbox 861 2852 930 2949; x_wconf 79' lang='lat' dir='ltr'>qni</span> <span class='ocrx_word' id='word_1_158' title='bbox 955 2876 1004 2925; x_wconf 82' lang='lat' dir='ltr'>ex</span> <span class='ocrx_word' id='word_1_159' title='bbox 1028 2852 1093 2925; x_wconf 92' lang='lat' dir='ltr'>illo</span> <span class='ocrx_word' id='word_1_160' title='bbox 1119 2853 1201 2926; x_wconf 89' lang='lat' dir='ltr'>llo·</span> 
     </span>
     <span class='ocr_line' id='line_1_21' title="bbox 52 2967 1201 3071; baseline 0 -26"><span class='ocrx_word' id='word_1_161' title='bbox 52 2970 140 3045; x_wconf 85' lang='lat' dir='ltr'>ratii</span> <span class='ocrx_word' id='word_1_162' title='bbox 174 2969 262 3045; x_wconf 90' lang='lat' dir='ltr'>loeo</span> <span class='ocrx_word' id='word_1_163' title='bbox 296 2968 459 3069; x_wconf 86' lang='lat' dir='ltr'>colligit,</span> <span class='ocrx_word' id='word_1_164' title='bbox 493 2967 655 3043; x_wconf 84' lang='lat' dir='ltr'>Varium</span> <span class='ocrx_word' id='word_1_165' title='bbox 688 2968 806 3043; x_wconf 89' lang='lat' dir='ltr'>etiam</span> <span class='ocrx_word' id='word_1_166' title='bbox 836 2969 878 3043; x_wconf 92' lang='lat' dir='ltr'>in</span> <span class='ocrx_word' id='word_1_167' title='bbox 911 2969 963 3043; x_wconf 88' lang='grc' dir='ltr'>Μ.</span> <span class='ocrx_word' id='word_1_168' title='bbox 992 2970 1201 3071; x_wconf 83' lang='lat' dir='ltr'>Agrippam</span> 
     </span>
     <span class='ocr_line' id='line_1_22' title="bbox 54 3086 1201 3189; baseline -0.004 -23"><span class='ocrx_word' id='word_1_169' title='bbox 54 3087 315 3189; x_wconf 75' lang='lat' dir='ltr'>composuisse</span> <span class='ocrx_word' id='word_1_170' title='bbox 348 3086 639 3189; x_wconf 70' lang='lat' dir='ltr'>Panegyuioum.</span> <span class='ocrx_word' id='word_1_171' title='bbox 705 3086 800 3162; x_wconf 88' lang='lat' dir='ltr'>Nam</span> <span class='ocrx_word' id='word_1_172' title='bbox 835 3087 953 3164; x_wconf 85' lang='lat' dir='ltr'>Poeta</span> <span class='ocrx_word' id='word_1_173' title='bbox 984 3087 1201 3164; x_wconf 87' lang='lat' dir='ltr'>Venusinus</span> 
     </span>
     <span class='ocr_line' id='line_1_23' title="bbox 55 3204 1202 3308; baseline 0 -27"><span class='ocrx_word' id='word_1_174' title='bbox 55 3207 241 3307; x_wconf 78' lang='lat' dir='ltr'>impunem</span> <span class='ocrx_word' id='word_1_175' title='bbox 266 3229 309 3282; x_wconf 85' lang='lat' dir='ltr'>se</span> <span class='ocrx_word' id='word_1_176' title='bbox 332 3204 527 3305; x_wconf 84' lang='lat' dir='ltr'>professus</span> <span class='ocrx_word' id='word_1_177' title='bbox 547 3206 736 3308; x_wconf 80' lang='lat' dir='ltr'>Agrippae</span> <span class='ocrx_word' id='word_1_178' title='bbox 760 3208 937 3282; x_wconf 82' lang='lat' dir='ltr'>laudibus</span> <span class='ocrx_word' id='word_1_179' title='bbox 963 3208 1075 3308; x_wconf 86' lang='lat' dir='ltr'>digne</span> <span class='ocrx_word' id='word_1_180' title='bbox 1101 3208 1202 3282; x_wconf 85' lang='lat' dir='ltr'>cele-</span> 
     </span>
     <span class='ocr_line' id='line_1_24' title="bbox 57 3325 1202 3423; baseline -0.003 -22"><span class='ocrx_word' id='word_1_181' title='bbox 57 3326 232 3421; x_wconf 82' lang='lat' dir='ltr'>brandis,</span> <span class='ocrx_word' id='word_1_182' title='bbox 275 3325 415 3400; x_wconf 85' lang='lat' dir='ltr'>blande</span> <span class='ocrx_word' id='word_1_183' title='bbox 456 3332 603 3399; x_wconf 86' lang='lat' dir='ltr'>tantum</span> <span class='ocrx_word' id='word_1_184' title='bbox 646 3326 709 3400; x_wconf 90' lang='lat' dir='ltr'>bic</span> <span class='ocrx_word' id='word_1_185' title='bbox 745 3351 808 3402; x_wconf 84' lang='lat' dir='ltr'>res</span> <span class='ocrx_word' id='word_1_186' title='bbox 842 3328 890 3400; x_wconf 92' lang='lat' dir='ltr'>ab</span> <span class='ocrx_word' id='word_1_187' title='bbox 926 3350 973 3399; x_wconf 93' lang='lat' dir='ltr'>eo</span> <span class='ocrx_word' id='word_1_188' title='bbox 1007 3325 1202 3423; x_wconf 83' lang='lat' dir='ltr'>praeclare</span> 
     </span>
     <span class='ocr_line' id='line_1_25' title="bbox 59 3440 1203 3547; baseline -0.008 -26"><span class='ocrx_word' id='word_1_189' title='bbox 59 3454 180 3547; x_wconf 77' lang='lat' dir='ltr'>gestas</span> <span class='ocrx_word' id='word_1_190' title='bbox 205 3440 401 3545; x_wconf 88' lang='lat' dir='ltr'>conjungit</span> <span class='ocrx_word' id='word_1_191' title='bbox 425 3468 514 3519; x_wconf 89' lang='lat' dir='ltr'>oum</span> <span class='ocrx_word' id='word_1_192' title='bbox 538 3445 713 3519; x_wconf 88' lang='lat' dir='ltr'>laudibus</span> <span class='ocrx_word' id='word_1_193' title='bbox 738 3445 878 3545; x_wconf 80' lang='lat' dir='ltr'>egregii</span> <span class='ocrx_word' id='word_1_194' title='bbox 901 3441 1091 3516; x_wconf 74' lang='lat' dir='ltr'>caesaris:</span> <span class='ocrx_word' id='word_1_195' title='bbox 1126 3464 1203 3537; x_wconf 84' lang='lat' dir='ltr'>‹p1a</span> 
     </span>
     <span class='ocr_line' id='line_1_26' title="bbox 60 3558 1203 3663; baseline -0.009 -23"><span class='ocrx_word' id='word_1_196' title='bbox 60 3561 167 3640; x_wconf 83' lang='lat' dir='ltr'>inre</span> <span class='ocrx_word' id='word_1_197' title='bbox 201 3564 252 3638; x_wconf 96' lang='lat' dir='ltr'>ob</span> <span class='ocrx_word' id='word_1_198' title='bbox 277 3572 391 3641; x_wconf 87' lang='lat' dir='ltr'>vetus</span> <span class='ocrx_word' id='word_1_199' title='bbox 414 3563 616 3663; x_wconf 86' lang='lat' dir='ltr'>utriusque</span> <span class='ocrx_word' id='word_1_200' title='bbox 642 3562 908 3639; x_wconf 82' lang='lat' dir='ltr'>commilitimn</span> <span class='ocrx_word' id='word_1_201' title='bbox 942 3568 981 3635; x_wconf 92' lang='lat' dir='ltr'>et</span> <span class='ocrx_word' id='word_1_202' title='bbox 1005 3558 1203 3633; x_wconf 86' lang='lat' dir='ltr'>familiari·</span> 
     </span>
     <span class='ocr_line' id='line_1_27' title="bbox 60 3671 1203 3784; baseline -0.006 -27"><span class='ocrx_word' id='word_1_203' title='bbox 60 3690 174 3759; x_wconf 78' lang='lat' dir='ltr'>tuem</span> <span class='ocrx_word' id='word_1_204' title='bbox 205 3682 305 3757; x_wconf 79' lang='lat' dir='ltr'>nihil</span> <span class='ocrx_word' id='word_1_205' title='bbox 336 3682 498 3784; x_wconf 88' lang='lat' dir='ltr'>periculi</span> <span class='ocrx_word' id='word_1_206' title='bbox 532 3691 615 3757; x_wconf 85' lang='lat' dir='ltr'>erat</span> <span class='ocrx_word' id='word_1_207' title='bbox 649 3708 700 3757; x_wconf 91' lang='lat' dir='ltr'>ne</span> <span class='ocrx_word' id='word_1_208' title='bbox 725 3684 950 3757; x_wconf 82' lang='lat' dir='ltr'>alterutrum</span> <span class='ocrx_word' id='word_1_209' title='bbox 977 3671 1203 3754; x_wconf 86' lang='lat' dir='ltr'>offenderet.</span> 
     </span>
     <span class='ocr_line' id='line_1_28' title="bbox 63 3794 1204 3901; baseline -0.011 -21"><span class='ocrx_word' id='word_1_210' title='bbox 63 3800 164 3895; x_wconf 74' lang='lat' dir='ltr'>Quae</span> <span class='ocrx_word' id='word_1_211' title='bbox 187 3826 306 3901; x_wconf 87' lang='lat' dir='ltr'>porro</span> <span class='ocrx_word' id='word_1_212' title='bbox 329 3801 434 3878; x_wconf 91' lang='lat' dir='ltr'>idem</span> <span class='ocrx_word' id='word_1_213' title='bbox 458 3802 526 3876; x_wconf 83' lang='lat' dir='ltr'>Vir</span> <span class='ocrx_word' id='word_1_214' title='bbox 548 3803 693 3877; x_wconf 70' lang='lat' dir='ltr'>Domo</span> <span class='ocrx_word' id='word_1_215' title='bbox 718 3801 862 3875; x_wconf 85' lang='lat' dir='ltr'>ibidem</span> <span class='ocrx_word' id='word_1_216' title='bbox 888 3798 997 3892; x_wconf 85' lang='lat' dir='ltr'>dicit,</span> <span class='ocrx_word' id='word_1_217' title='bbox 1034 3795 1138 3870; x_wconf 83' lang='lat' dir='ltr'>Varii</span> <span class='ocrx_word' id='word_1_218' title='bbox 1160 3794 1204 3869; x_wconf 88' lang='lat' dir='ltr'>in</span> 
     </span>
     <span class='ocr_line' id='line_1_29' title="bbox 64 3916 1205 4023; baseline -0.004 -30"><span class='ocrx_word' id='word_1_219' title='bbox 64 3920 266 4023; x_wconf 77' lang='lat' dir='ltr'>Agrippam</span> <span class='ocrx_word' id='word_1_220' title='bbox 296 3920 573 4023; x_wconf 75' lang='lat' dir='ltr'>Panegyricum</span> <span class='ocrx_word' id='word_1_221' title='bbox 596 3920 828 3995; x_wconf 85' lang='lat' dir='ltr'>Maecenatis</span> <span class='ocrx_word' id='word_1_222' title='bbox 859 3924 996 4019; x_wconf 86' lang='lat' dir='ltr'>rogatu</span> <span class='ocrx_word' id='word_1_223' title='bbox 1020 3916 1205 4015; x_wconf 88' lang='lat' dir='ltr'>seriptum</span> 
     </span>
     <span class='ocr_line' id='line_1_30' title="bbox 67 4035 1205 4139; baseline -0.005 -24"><span class='ocrx_word' id='word_1_224' title='bbox 67 4060 165 4133; x_wconf 81' lang='lat' dir='ltr'>esse,</span> <span class='ocrx_word' id='word_1_225' title='bbox 209 4064 376 4138; x_wconf 80' lang='lat' dir='ltr'>eumque</span> <span class='ocrx_word' id='word_1_226' title='bbox 411 4041 579 4139; x_wconf 74' lang='lat' dir='ltr'>pharium</span> <span class='ocrx_word' id='word_1_227' title='bbox 611 4040 797 4112; x_wconf 84' lang='lat' dir='ltr'>librorum</span> <span class='ocrx_word' id='word_1_228' title='bbox 830 4035 967 4129; x_wconf 89' lang='lat' dir='ltr'>fuisse,</span> <span class='ocrx_word' id='word_1_229' title='bbox 1004 4060 1051 4111; x_wconf 83' lang='lat' dir='ltr'>ea</span> <span class='ocrx_word' id='word_1_230' title='bbox 1076 4035 1205 4109; x_wconf 85' lang='lat' dir='ltr'>omnia</span> 
     </span>
     <span class='ocr_line' id='line_1_31' title="bbox 68 4155 1206 4259; baseline 0.001 -32"><span class='ocrx_word' id='word_1_231' title='bbox 68 4155 114 4231; x_wconf 82' lang='lat' dir='ltr'>ita</span> <span class='ocrx_word' id='word_1_232' title='bbox 139 4167 359 4259; x_wconf 85' lang='lat' dir='ltr'>comparata</span> <span class='ocrx_word' id='word_1_233' title='bbox 385 4166 493 4254; x_wconf 81' lang='lat' dir='ltr'>suut,</span> <span class='ocrx_word' id='word_1_234' title='bbox 519 4167 563 4233; x_wconf 83' lang='lat' dir='ltr'>ut</span> <span class='ocrx_word' id='word_1_235' title='bbox 576 4159 646 4235; x_wconf 87' lang='lat' dir='ltr'>vix</span> <span class='ocrx_word' id='word_1_236' title='bbox 663 4156 1036 4250; x_wconf 82' lang='lat' dir='ltr'>commemoratione,</span> <span class='ocrx_word' id='word_1_237' title='bbox 1061 4158 1206 4230; x_wconf 89' lang='lat' dir='ltr'>nedum</span> 
     </span>
     <span class='ocr_line' id='line_1_32' title="bbox 70 4274 1207 4379; baseline -0.011 -26"><span class='ocrx_word' id='word_1_238' title='bbox 70 4276 318 4354; x_wconf 69' lang='lat' dir='ltr'>comisatione</span> <span class='ocrx_word' id='word_1_239' title='bbox 334 4277 448 4379; x_wconf 87' lang='lat' dir='ltr'>digna</span> <span class='ocrx_word' id='word_1_240' title='bbox 469 4277 558 4353; x_wconf 86' lang='lat' dir='ltr'>siut.</span> <span class='ocrx_word' id='word_1_241' title='bbox 609 4278 672 4351; x_wconf 75' lang='lat' dir='ltr'>Ex</span> <span class='ocrx_word' id='word_1_242' title='bbox 688 4275 921 4376; x_wconf 67' lang='lat' dir='ltr'>Panegpnioo</span> <span class='ocrx_word' id='word_1_243' title='bbox 938 4275 980 4348; x_wconf 91' lang='lat' dir='ltr'>in</span> <span class='ocrx_word' id='word_1_244' title='bbox 993 4274 1207 4373; x_wconf 69' lang='lat' dir='ltr'>Augustumi</span> 
     </span>
    </p>
   </div>
   <div class='ocr_carea' id='block_1_6' title="bbox 71 4384 1205 4585">
    <p class='ocr_par' dir='ltr' id='par_1_6' title="bbox 71 4384 1205 4585">
     <span class='ocr_line' id='line_1_33' title="bbox 71 4384 1205 4501; baseline -0.023 -21"><span class='ocrx_word' id='word_1_245' title='bbox 71 4408 212 4501; x_wconf 66' lang='lat' dir='ltr'>lumpto</span> <span class='ocrx_word' id='word_1_246' title='bbox 235 4405 348 4494; x_wconf 78' lang='lat' dir='ltr'>sunt,</span> <span class='ocrx_word' id='word_1_247' title='bbox 385 4422 486 4497; x_wconf 80' lang='lat' dir='ltr'>quae</span> <span class='ocrx_word' id='word_1_248' title='bbox 510 4396 671 4499; x_wconf 79' lang='lat' dir='ltr'>legimus</span> <span class='ocrx_word' id='word_1_249' title='bbox 696 4397 800 4497; x_wconf 81' lang='lat' dir='ltr'>apud</span> <span class='ocrx_word' id='word_1_250' title='bbox 823 4395 1024 4479; x_wconf 61' lang='lat' dir='ltr'>,Horaticun</span> <span class='ocrx_word' id='word_1_251' title='bbox 1048 4388 1162 4464; x_wconf 71' lang='lat' dir='ltr'>Libr.</span> <span class='ocrx_word' id='word_1_252' title='bbox 1175 4384 1205 4455; x_wconf 92' lang='lat' dir='ltr'>l.</span> 
     </span>
     <span class='ocr_line' id='line_1_34' title="bbox 910 4514 972 4585; baseline -0.032 -26"><span class='ocrx_word' id='word_1_253' title='bbox 910 4514 972 4585; x_wconf 73' lang='lat' dir='ltr'>gc</span> 
     </span>
    </p>
   </div>
   <div class='ocr_carea' id='block_1_7' title="bbox 0 0 1370 5294">
    <p class='ocr_par' dir='ltr' id='par_1_7' title="bbox 0 0 1370 5294">
     <span class='ocr_line' id='line_1_35' title="bbox 0 0 1370 5294; baseline 0 0"><span class='ocrx_word' id='word_1_254' title='bbox 0 0 1370 5294; x_wconf 95' lang='lat' dir='ltr'> </span> 
     </span>
    </p>
   </div>
  </div>
 </body>
</html>
