2670 5294
141 706 217 783 150
497 728 548 777 oe
575 728 611 777 ι.
635 726 764 778 mro
791 696 936 777 νοω.

139 916 252 994 nego.
312 888 379 967 Sio
401 890 443 964 in
467 889 623 965 llomitii
647 888 765 965 Marsi
791 886 996 988 Epitaphio
1019 886 1063 962 in
1087 886 1283 962 Tibullum

140 1038 180 1090 v.
203 1013 242 1087 4.
265 1007 379 1107 regio
402 1009 504 1085 dello
538 1014 627 1083 mmt
658 1030 726 1103 ea,
769 1031 870 1106 quae
902 1006 1006 1083 inter
1038 1030 1153 1108 reges
1186 1006 1228 1082 h.
1251 1029 1283 1082 e.

143 1130 313 1208 eivitatis
338 1127 532 1228 principes
555 1134 760 1230 gemtor,
786 1135 827 1202 et
850 1127 970 1203 verba
992 1124 1142 1228 Virgilii
1157 1122 1283 1228 Eolog.

141 1249 211 1325 vl.
235 1274 275 1326 v.
294 1247 333 1322 3.
357 1272 478 1342 ,‚onm
501 1270 686 1321 canerem
707 1270 819 1342 reges
843 1256 883 1320 et
900 1242 1105 1347 proelio,“
1128 1244 1174 1319 in
1199 1244 1283 1320 Ser·

142 1369 199 1445 rii
232 1367 517 1442 Commentario
550 1363 681 1441 neseio
715 1364 804 1463 qsris
836 1364 1122 1463 interpretanda
1157 1372 1284 1439 oenset

143 1494 210 1563 aut
242 1486 292 1560 de
323 1486 435 1560 bellis
476 1484 650 1563 oivilibns
682 1492 750 1558 aut
783 1484 833 1559 de
865 1482 1038 1579 Thyeste
1079 1482 1282 1585 tragoedia,

143 1628 261 1706 quem
293 1603 476 1707 Virgilius
509 1610 677 1680 tentasse
707 1600 841 1679 fertem.
900 1601 1074 1678 PrIorem
1097 1600 1285 1700 intorpre-

144 1725 331 1799 tationem
364 1725 478 1801 unioe
500 1746 633 1800 veram
657 1744 763 1816 esso,
793 1728 952 1821 apparet
975 1744 1029 1797 ex
1053 1721 1169 1796 doota
1192 1718 1285 1795 Phil.

144 1843 329 1946 Wagneri
362 1841 607 1919 adnotatione
631 1840 680 1915 od
705 1864 745 1916 v.
764 1841 819 1933 l.3
851 1839 1102 1940 posteriorem
1119 1845 1285 1913 semtns

67 1993 74 2007 ³
144 1971 205 2038 est
237 1963 284 2039 Ν.
312 1961 490 2038 Halmius
524 1961 574 2035 ad
606 1957 736 2037 Ovidii
769 1985 820 2035 ex
838 1958 963 2037 ,Pont
995 1957 1105 2036 libr.
1123 1955 1194 2032 lv.
1218 1954 1286 2057 Ep.

127 2080 185 2159 '2
209 2106 248 2158 v.
265 2084 323 2157 ln·
744 2102 754 2129 ⁸
1093 2094 1097 2101 '

201 2194 457 2296 Quod'logir,
492 2224 517 2273 o
539 2208 652 2273 votes
674 2220 912 2293 mogrwnnn
942 2194 1121 2271 monisse
1143 2220 1286 2295 regunt,

252 2315 369 2396 Venit
393 2316 444 2391 alr
467 2314 639 2392 immun
660 2341 805 2417 usqne,
830 2318 989 2409 Severe,
1018 2313 1153 2392 Getis:

146 2435 215 2510 nbi
238 2442 345 2510 reete
370 2434 525 2533 quidem
558 2459 632 2534 pro
665 2434 757 2535 aliq.
783 2432 904 2510 oodd.
929 2433 1094 2510 leotione
1117 2430 1289 2507 monim

145 2538 285 2629 oistnm
308 2554 428 2629 edidit
448 2551 627 2628 metm
649 2577 788 2649 regnan
819 2561 858 2628 et
885 2555 935 2628 de
960 2560 1047 2628 rete
1072 2553 1288 2653 explioorit,

146 2674 215 2772 qni
238 2698 373 2775 regum
397 2671 495 2749 faeta
521 2681 649 2768 oanat,
676 2672 814 2749 oollato
838 2672 924 2748 loeo
950 2671 1078 2750 Ovidii
1103 2695 1158 2748 ex
1182 2671 1289 2748 Pont.

146 2793 255 2869 Libr.
270 2792 338 2868 lv.
364 2792 435 2892 Ep.
454 2792 516 2866 lo.
544 2815 583 2868 v·
602 2793 661 2867 tta

202 2910 353 3013 Quemne
377 2909 484 2987 dedit
512 2908 629 2985 Latio
653 2934 815 2984 tormen
837 2911 972 3007 regola
994 2913 1159 2984 Severum
1166 2935 1181 3002 ,·

147 3032 216 3106 sed
249 3039 458 3128 utrumqne
490 3029 617 3104 looum
650 3029 701 3105 de
724 3029 919 3129 tragoedia
944 3029 1109 3128 quodam
1133 3025 1290 3128 intelligi

146 3149 279 3228 voluit.
329 3147 553 3246 Perpetem!
598 3147 806 3223 verissime
838 3147 1016 3245 llioyllus
1050 3148 1100 3224 de
1125 3146 1291 3220 earmina

148 3267 258 3367 epioe
283 3266 422 3368 eogitat
448 3288 575 3364 neque
602 3266 738 3341 inseite
762 3266 864 3341 huno
888 3264 1018 3343 Ovidii
1043 3266 1213 3340 amioum
1237 3262 1290 3337 di·

149 3386 200 3461 oit
229 3384 348 3460 firisse
383 3384 606 3462 omitum
630 3388 835 3479 Swmrn,
874 3386 961 3485 qui,
997 3391 1151 3460 auotore
1177 3382 1290 3478 Quin-

147 3504 279 3578 tiliano
305 3502 338 3579 l.
364 3501 434 3578 Or.
459 3501 568 3578 Libr.
584 3504 635 3579 X.
662 3529 696 3581 o.
718 3505 765 3579 1.·
778 3514 811 3596 t.
830 3505 915 3597 811,
951 3505 1096 3578 ΒοΠιωι
1121 3501 1289 3578 Simdrm

148 3620 314 3720 seripsit=
348 3647 458 3717 reges
491 3623 595 3697 enim
628 3630 668 3698 et
691 3624 825 3718 regale
848 3622 1134 3698 accommodate
1160 3620 1289 3695 dioinr

148 3740 198 3815 de
222 3739 478 3840 principibus,
503 3742 695 3816 bellomon
721 3741 889 3818 oivilium
914 3740 1133 3814 auctoribus
1160 3747 1203 3814 et
1225 3738 1287 3811 dm

148 3860 277 3952 cibus,
311 3866 356 3935 ut
380 3861 494 3935 docet
518 3858 554 3936 J.
578 3862 627 3936 11.
649 3859 806 3936 Vossius
840 3859 890 3936 ad
916 3858 1051 3960 Virgit
1077 3858 1212 3960 Eolog.
1228 3851 1286 3929 Vl·

148 4003 187 4055 v.
203 3978 243 4054 3.
269 4004 309 4077 p.
331 3980 420 4053 289.
480 3978 586 4053 Illius
619 3986 750 4053 autem
782 3977 951 4054 Cornelii
984 3976 1120 4052 Severi
1152 3976 1287 4052 bellum

149 4093 338 4171 Siculum·
355 4098 438 4172 sine
472 4097 591 4171 dubio
626 4097 704 4199 egit
728 4098 779 4172 de
803 4097 906 4172 hello
933 4120 1021 4171 erun
1046 4095 1160 4171 Sext.
1183 4094 1288 4168 Pom·

147 4212 247 4317 pejo.
298 4214 418 4290 Porro
442 4215 620 4290 lleinsius
644 4238 737 4290 nme
752 4214 1075 4313 interpretationis
1100 4212 1289 4288 stabilien-

149 4331 220 4406 dae
243 4334 364 4433 gratia
379 4332 525 4431 profert
547 4334 674 4409 loonm
691 4331 821 4410 Ovidii
836 4331 1134 4409 'fristunam
1157 4324 1287 4410 nott

92 4512 95 4517 .
198 4451 254 4524 Et
278 4450 458 4526 deri-rinus
481 4451 645 4548 tragicis
668 4450 858 4552 seraptem
881 4446 1253 4547 regulensium,

101 4636 103 4641 ,
256 4568 442 4667 Qnoeqtae
462 4569 602 4665 ponis
626 4571 738 4645 dedet
760 4568 883 4645 verde
905 4568 1122 4644 totitem
1142 4566 1268 4643 sata

148 4683 199 4758 At
220 4684 428 4782 hioloous,
453 4689 521 4799 qui
546 4688 595 4765 de
610 4688 766 4782 Medea,
791 4687 894 4789 regis
919 4686 999 4764 lilia
1022 4693 1063 4762 et
1086 4687 1139 4762 de
1154 4706 1292 4787 eogno-

148 4803 243 4879 mini
274 4803 436 4880 Nasonis
468 4808 663 4908 tragoedis
692 4806 945 4910 explioondus
975 4814 1057 4900 est,
1096 4828 1149 4883 ne
1170 4806 1292 4906 poto!
