2670 5294
497 293 702 350 rxccasca
727 295 768 348 r.
1126 275 1202 351 367

35 470 90 539 et
109 460 160 538 G.
177 458 320 536 Melissi
345 458 447 559 apud
467 456 697 536 scholiastae
722 460 880 535 mentio.
932 459 1016 537 lam
1042 472 1084 537 ut
1110 488 1202 539 cou-

42 582 241 674 cedatur,
268 579 369 654 larino
393 578 519 676 ipsum
536 578 741 653 Antonimn
757 580 898 653 Rulinn
921 580 1037 657 finisse
1061 606 1199 681 aeruca·

44 700 141 777 lom
155 699 302 774 Horatii
318 698 485 796 ideoque
509 696 547 772 ei
570 696 725 772 inscribi
748 699 916 798 potarisse
941 700 1043 775 illam
1061 699 1201 776 Odarnz

49 818 191 899 videat
228 826 359 892 tamen
395 814 699 913 Peerlkampius‚
742 816 835 913 quid
874 816 963 891 inde
1003 816 1202 895 lucretur?

52 936 178 1015 tutius
202 936 417 1011 labulartmr
441 934 676 1010 acerrioarum
699 935 891 1031 scriptoris
914 939 1098 1013 memorie
1121 962 1203 1013 eer-

54 1064 154 1135 νοω
177 1062 238 1131 cst
261 1055 311 1128 alr
335 1053 421 1128 unis
440 1051 660 1128 Scholiaatis
676 1052 909 1128 Horatianisr
936 1079 1023 1129 nam
1040 1052 1203 1156 Apuleio

55 1174 127 1251 isti
150 1198 231 1249 non
256 1172 462 1248 convenire
477 1170 688 1245 testimonii
705 1170 928 1264 dictionem,
954 1198 1057 1249 nunc
1073 1175 1205 1249 Peerl-

57 1292 262 1392 kampiua,
289 1292 436 1392 cognita
451 1289 559 1364 iatius
575 1312 708 1363 caussa
724 1312 746 1363 a
762 1289 951 1389 lladvigio
968 1293 1081 1381 diota,
1107 1292 1203 1391 ipse,

58 1434 201 1511 spero,
239 1408 494 1485 confitebitur.
555 1405 852 1483 Scholiastanmr
889 1418 1016 1483 autem
1050 1410 1203 1485 illorum

59 1529 327 1605 auctoritatem
348 1526 444 1601 tanti
468 1524 577 1620 lacit,
602 1533 644 1601 ut
661 1524 784 1601 Odam
799 1526 943 1601 Horatii
961 1553 1040 1602 non
1056 1529 1204 1603 dubitet

59 1646 210 1723 referre
234 1647 283 1721 ad
308 1646 416 1720 illmn
438 1644 653 1720 iabrdannn
667 1644 911 1742 scriptorem,
936 1648 1027 1722 licet
1044 1649 1094 1723 de
1110 1672 1204 1746 poc·

60 1766 117 1842 ais
141 1764 284 1862 lyricae
308 1763 443 1839 auidiis
468 1760 552 1864 ojus
577 1787 622 1837 ao
647 1763 795 1860 scriptis
820 1766 925 1839 nulla
949 1768 997 1840 ab
1029 1767 1105 1841 illis
1139 1766 1205 1840 fiat

61 1884 225 1961 mentio.
282 1882 402 1981 Atqui
432 1882 548 1956 iidem
580 1880 832 1977 Scholiastac,
874 1892 1021 1959 tacente
1057 1892 1205 1960 tanmm

63 2002 376 2079 commentatore
401 1999 641 2098 Crmpriano,
674 2025 754 2075 non
786 2001 902 2076 modo
937 2012 1204 2094 constestantnn

64 2124 173 2197 illam
204 2120 350 2195 Horatii
382 2117 506 2192 Odam
538 2118 756 2219 inscriptam
788 2142 872 2193 essa
903 2118 992 2195 Julo
1024 2123 1205 2215 Antonio,

65 2238 276 2316 'l'rirunviri
303 2238 401 2329 idio,
428 2238 654 2329 sedetiam,
680 2237 714 2310 si
737 2235 1038 2335 al’orplryrione
1064 2241 1205 2313 ‹nsces-

65 2358 184 2451 eeria,
209 2358 258 2430 od
274 2382 314 2431 v.
332 2357 397 2431 33.
416 2356 601 2430 nonnulla
623 2356 806 2453 produnt,
832 2380 931 2454 quae
956 2381 1009 2432 cx
1033 2360 1132 2431 libro
1158 2360 1206 2431 de

65 2473 247 2551 Peraonia
271 2472 511 2549 Horatianis
542 2474 655 2548 dueta
687 2497 771 2549 ease
803 2482 844 2547 et
874 2474 950 2549 fide
976 2477 1204 2577 (ligunianum,

65 2617 184 2670 nemo
217 2593 289 2669 erit
324 2591 390 2690 qui
425 2592 587 2667 dubitet.
649 2590 763 2668 Certe
795 2592 1082 2693 Peerlltempins
1124 2619 1206 2668 non

64 2712 256 2789 dubitavit
285 2709 403 2785 fidem
437 2710 494 2786 eis
527 2706 754 2811 adjungere,
787 2712 956 2787 scribens
981 2715 1030 2788 ad
1056 2740 1094 2788 v.
1122 2717 1205 2789 taz

66 2829 295 2924 „Hisoimna
319 2853 373 2903 ex
398 2826 637 2922 Scholiaetia,
662 2829 766 2905 hunc
787 2832 988 2907 Antonium
1013 2833 1207 2931 scripsisse

65 2972 220 3023 carmen
243 2947 440 3025 heroiomn
465 2949 515 3023 dc
538 2948 745 3043 Diomede,
781 2949 887 3024 libris
912 2951 1134 3047 duodecim,
1169 2962 1207 3027 ct

64 3066 248 3141 nmmrdla
270 3066 346 3142 elia
377 3066 551 3142 oratione
581 3065 722 3161 soluta,
755 3074 795 3141 et
827 3069 992 3144 voluisse
1025 3072 1205 3144 aemulari

63 3184 287 3259 Pindarum.
295 3188 323 3232 “
371 3186 431 3261 lle
455 3184 707 3260 aemulatione
731 3184 884 3260 Pindari
909 3188 1008 3285 apud
1036 3187 1207 3263 Scholia-

63 3314 145 3377 stas
169 3325 221 3377 ne
245 3308 308 3396 γρῦ
331 3303 507 3401 quidemr
532 3326 619 3378 eam
644 3310 879 3378 commentia
903 3315 962 3380 est
986 3302 1207 3379 Peerlkam-

64 3421 157 3521 pius
179 3420 369 3521 opinionis
393 3443 485 3496 suae
508 3420 646 3522 gratie!
670 3420 759 3496 Jam
779 3444 867 3496 mam
890 3422 1006 3496 iidem
1032 3432 1208 3499 auctores

63 3538 159 3614 tulo
182 3540 348 3616 Antonio
373 3563 530 3616 carmen
553 3539 724 3640 epicum,
760 3539 923 3616 Antonio
947 3541 1048 3616 Ruso
1080 3551 1207 3617 autem

64 3656 215 3733 fabulae
239 3665 385 3759 togatas
408 3682 454 3735 aa
478 3666 698 3760 praetextas
719 3659 935 3735 adscribant
951 3667 990 3735 ct
1007 3661 1056 3734 de
1072 3668 1209 3735 rrautro

66 3775 280 3873 quidquam
295 3776 443 3870 dicant,
468 3774 572 3876 quod
589 3778 743 3874 utrique
767 3777 815 3852 sit
839 3802 1058 3869 commune;
1083 3780 1210 3853 mani·

66 3894 208 3969 l'astsrm
232 3901 310 3986 eat,
334 3900 496 3993 unoque
519 3896 606 3971 loco
631 3896 682 3970 de
706 3895 865 3971 diversis
889 3895 1107 3971 hominibus
1127 3922 1209 3971 ser·

66 4034 225 4087 monmn
258 4035 356 4088 ease.
413 4011 464 4087 Et
490 4013 663 4112 profecto
687 4013 755 4112 qui
778 4012 855 4088 lide
880 4014 982 4115 digni
1008 4025 1211 4091 censentur

66 4132 117 4205 da
134 4130 298 4205 dntonio
313 4128 434 4223 Rulo,
458 4142 574 4231 poeta
593 4132 745 4207 alirmde
771 4156 847 4207 non
872 4134 1042 4232 cognito,
1070 4146 1209 4210 tantau-

67 4258 150 4340 tes,
184 4249 329 4326 eisdam
359 4248 454 4325 fides
484 4249 660 4326 habenda
683 4251 756 4325 erit
780 4254 1019 4328 narrantibus
1045 4256 1094 4329 do
1119 4256 1209 4330 Julc

64 4366 258 4458 Antonio,
285 4368 491 4445 Triumviri
513 4368 594 4445 filio
618 4378 660 4445 et
684 4367 862 4446 carminis
886 4372 984 4473 epici
1009 4375 1206 4472 scriptore!
