2686 5236
142 646 221 725 2³8
492 666 544 723 cs
570 667 709 725 casalo
735 667 959 721 rannsnsr.

142 830 361 911 deliciantis.
419 820 566 923 Quibus
600 828 779 903 omnibus
804 830 991 924 adducor,
1027 836 1141 905 utet
1167 827 1291 907 0dam

142 951 246 1027 illam
283 958 321 1023 et
353 948 560 1048 Epistolam
596 949 645 1023 ad
682 947 882 1021 Tibullum
922 950 972 1023 ab
1006 948 1166 1027 lloratio
1200 950 1291 1025 scri·

69 1158 73 1167 1
143 1078 249 1169 ptam
269 1069 501 1166 missamque
525 1092 608 1141 esse
630 1090 810 1149 ,censeam
835 1068 985 1143 circiter
1009 1092 1043 1142 a.
1068 1068 1114 1140 U.
1137 1067 1181 1141 C.
1202 1071 1289 1144 733.

144 1212 214 1265 seu
239 1188 328 1261 734.
379 1189 508 1284 Atque
532 1211 686 1262 mestun
709 1186 926 1269 consentire
942 1210 1044 1265 nime
1060 1187 1178 1263 video
1192 1186 1291 1265 Gro-

145 1306 345 1381 telendum
378 1306 420 1377 in
447 1302 614 1379 Gruberi
642 1310 682 1378 et
705 1302 855 1379 Erscllii
879 1303 1088 1405 Encyclop.
1115 1305 1223 1383 Sect.
1241 1307 1289 1382 11.

144 1423 188 1499 P.
211 1428 270 1501 10.
296 1450 336 1524 p.
353 1424 443 1498 473.

656 1636 687 1718 §.
716 1627 778 1701 ll.

249 1781 329 1859 Sed
365 1780 579 1858 revocanda
612 1776 690 1879 jam
724 1787 784 1855 est
808 1779 963 1880 scriptio
987 1789 1118 1858 nostra
1144 1784 1193 1857 ab
1218 1784 1291 1879 illa,

146 1926 264 2001 quam
288 1901 471 1995 ledmus,
505 1899 736 1999 digressione
761 1900 811 1973 ad
838 1899 1009 1974 Cassium
1032 1900 1292 1995 Parmensem,

146 2018 254 2122 cuitu
279 2021 516 2095 mentionem
541 2016 751 2093 honorilice
776 2026 815 2093 et
848 2030 1091 2116 peramanter
1116 2018 1293 2121 injectam

146 2162 231 2213 osse
257 2138 522 2214 contendimus
547 2137 596 2210 ab
621 2136 779 2211 lloratio
804 2137 846 2210 in
870 2136 1042 2235 Epistola
1066 2138 1135 2213 illa
1159 2139 1209 2214 ad
1228 2139 1294 2213 Ti-

146 2257 309 2331 bullum.
370 2255 444 2347 Qui
476 2279 596 2350 qumn
620 2278 659 2329 v.
687 2258 722 2330 l.
748 2256 964 2331 nominatur
987 2256 1183 2331 condidus
1208 2261 1294 2331 Ser·

146 2398 308 2449 monum
326 2374 477 2469 judex,
516 2397 651 2467 nemo,
686 2374 842 2471 opinor,
868 2400 949 2449 non
972 2374 1113 2449 ridebit
1137 2373 1297 2449 mirilioa

146 2500 382 2585 commenta,
428 2515 527 2589 quae
560 2492 630 2566 Ph.
664 2492 748 2567 Am.
782 2493 832 2567 de
866 2486 1036 2588 Golbdry
1067 2494 1227 2591 protudit
1256 2493 1295 2567 in

148 2610 361 2685 Commeat.
395 2612 443 2684 de
479 2610 623 2685 Tibulli
656 2611 731 2683 vit.
764 2620 804 2684 ct
839 2610 963 2685 Carm.
996 2622 1028 2700 d.
1057 2619 1089 2684 l.
1129 2639 1169 2711 p.
1194 2614 1293 2706 441„

148 2731 209 2804 cui
233 2756 311 2803 non
328 2730 479 2805 videtm
493 2754 515 2802 a
530 2752 624 2804 vero
644 2730 808 2803 alienum
825 2753 933 2822 esse,
958 2730 1158 2804 Horatium
1174 2754 1294 2830 paene

151 2849 494 2949 quadragenarium
515 2872 563 2922 ao
587 2856 742 2945 poetam
767 2848 914 2921 clarum
939 2847 1083 2925 satiras
1113 2874 1202 2924 suas
1229 2850 1294 2923 Ti·

149 2967 277 3057 brdlo,
313 2967 594 3041 adolescentulo
630 2967 855 3059 sedecenni,
890 2963 1111 3067 judicandas
1138 2968 1295 3044 commi·

148 3083 256 3161 sisse!
282 3125 334 3141 —-
375 3083 456 3183 Ego
491 3086 648 3181 quidem
681 3093 963 3160 controversam
1002 3086 1103 3162 hano
1134 3088 1294 3162 remita

149 3203 427 3299 expediendam
459 3212 564 3300 puto.
626 3202 737 3278 Sicut
769 3203 889 3279 Liber
914 3202 1127 3279 Satirarum]
1153 3206 1294 3305 primus

149 3322 197 3395 ab
224 3321 382 3395 Horatio
416 3322 606 3396 absolutus
640 3323 842 3419 editusque
868 3330 927 3397 est
953 3325 1023 3396 sub
1050 3323 1170 3399 linem
1197 3350 1232 3399 a.
1251 3324 1292 3398 U.

150 3437 192 3512 0.
221 3441 330 3530 723„
363 3439 417 3511 ita
441 3441 603 3513 Librum
627 3442 837 3515 secundum
862 3442 1124 3539 probabilibus
1150 3441 1294 3517 ostendi

55 3576 61 3591 ·
147 3564 277 3657 potest
318 3559 545 3656 argumentis
577 3560 795 3659 evulgatum
836 3584 919 3634 esse
953 3566 1019 3633 aut
1053 3584 1157 3636 anno
1186 3562 1231 3636 U.
1254 3560 1292 3634 G.

74 3660 87 3671 “
147 3677 237 3751 726.
274 3684 443 3750 excitate
484 3685 550 3751 aut
591 3678 747 3753 inernrte
782 3703 883 3752 armo
908 3680 953 3752 U.
979 3675 1021 3751 G.
1046 3682 1137 3754 727.
1198 3679 1294 3780 Ergo

148 3820 283 3870 omues
309 3792 459 3869 Satirae
485 3796 646 3894 scriptae
671 3804 775 3890 sunt,
811 3798 1031 3895 priusquam
1056 3797 1220 3873 Horatio
1238 3823 1293 3873 ar·

147 3915 223 3989 tior
255 3913 488 3987 familiaritas
522 3924 560 3987 ct
592 3939 683 3988 austu
726 3941 814 3990 crim
848 3915 1002 3991 Tibrdlo
1037 3925 1151 3991 esset.
1219 3918 1292 3990 llac

148 4040 364 4131 temporum
389 4057 594 4131 rerumque
618 4034 765 4109 ratione
789 4059 940 4109 mecum
955 4044 1133 4132 reputata
1156 4036 1201 4109 in
1214 4058 1293 4111 eam

149 4152 333 4226 deductus
359 4176 444 4224 sum
461 4153 709 4246 sententiam,
736 4161 781 4226 ut
801 4154 997 4226 Tibullum
1012 4154 1077 4227 hic
1095 4155 1292 4228 candidum

150 4268 381 4344 Sermonum
414 4268 581 4369 judicem
615 4272 770 4345 salutari
801 4272 955 4346 credam
981 4273 1203 4369 oppositum
1229 4274 1293 4349 ob·

148 4390 413 4462 trectatoribus
440 4388 649 4463 Satirannn
674 4391 872 4464 malevolis
902 4397 942 4464 et
965 4391 1142 4491 malignis
1169 4414 1292 4467 eanun

149 4506 371 4598 lectoribus,
416 4532 512 4603 quos
546 4509 743 4601 lloratius,
787 4510 877 4582 dum
907 4509 1079 4601 vivebat,
1117 4519 1293 4610 expertus

149 4631 208 4699 est
233 4646 349 4720 (pram
374 4625 580 4722 plurima,
620 4627 677 4699 uti
702 4650 754 4701 ex
780 4626 956 4727 Epistolis
969 4630 1207 4725 ,pcrmrdtis,
1239 4630 1293 4703 in·

149 4743 282 4842 primis
317 4766 371 4816 ax
411 4742 476 4819 illa
516 4747 566 4820 ad
607 4747 840 4847 Atrgustum,
882 4752 1078 4847 postrema
1112 4750 1293 4842 ommium,
