2670 5294
488 320 695 375 sxcunsus
721 323 766 374 u.
1133 299 1205 375 145

53 493 233 585 ereptrrm
256 506 342 559 esse
361 484 506 585 pariter
528 508 575 561 ae
596 483 808 561 Serranum
825 494 864 561 et
878 486 1072 563 Valerirun
1096 486 1206 565 Flae-
1313 495 1322 505 “

52 630 158 681 oum.
200 604 307 679 vixit
321 603 394 677 sub
408 602 663 703 Vespasiano,
690 602 797 707 oujtu
811 606 1000 683 miramot
1023 608 1207 683 eximiam

52 722 327 799 lilreralitatem
351 729 410 797 est
434 730 643 822 expertus,
669 732 713 797 ut
736 724 857 799 refert
872 723 1130 803 Auetorllial.
1156 730 1206 803 ‹le

54 842 181 919 Oratt.
207 866 241 917 e.
259 840 298 917 9.
324 843 373 915 ol.
400 838 457 934 5.,
489 842 601 941 utspsi
634 843 741 919 tenui
777 852 879 921 osset
902 844 1055 919 lort1n1a
1062 898 1075 942 ,
1111 853 1206 921 teste

53 961 244 1037 Juvenalo
269 958 349 1035 Sat.
369 958 452 1035 vll.
477 985 517 1036 v.
533 962 596 1035 79.

109 1082 325 1157 θοιιὲεηὲιω
338 1078 468 1177 farm
487 1079 620 1179 juraret
644 1079 833 1159 haeum
857 1084 902 1159 irs
926 1085 1053 1160 hortis

105 1196 367 1274 Marmoreiar
397 1208 442 1269 at
467 1200 639 1273 Serrano
663 1200 847 1302 tenuique
869 1206 1000 1299 Saleio

113 1314 255 1395 Gloria
272 1312 514 1418 quantalibet
534 1317 629 1417 pald
643 1317 717 1393 erit
725 1370 739 1409 ,
765 1320 805 1394 si
813 1322 945 1417 gloria
963 1335 1122 1397 tutatum
1136 1334 1207 1399 est.

57 1432 365 1527 Wernsdorfius‚
406 1433 475 1531 qui
505 1436 679 1531 Scelep'um
708 1439 880 1514 Bassum
914 1440 1080 1517 ostendit
1113 1442 1209 1517 sori-

55 1564 213 1655 ptorem
236 1549 471 1649 Panegyrici
493 1556 550 1626 ad
572 1554 777 1648 Praesens,
814 1556 972 1635 Luoano
996 1562 1113 1663 wlgo
1138 1561 1209 1634 ad-

57 1674 213 1773 scripti,
239 1694 342 1766 esse,
367 1674 649 1749 aceruatissime
674 1677 723 1750 de
738 1700 786 1752 eo
811 1678 888 1779 egit
903 1678 945 1752 in
962 1678 1070 1754 Poet.
1088 1678 1136 1754 L.
1153 1679 1209 1755 M.

57 1790 145 1869 l'ol.
169 1792 233 1867 lv.
266 1790 310 1865 P.
339 1793 374 1866 l.
408 1816 448 1890 p.
473 1792 537 1866 41.
560 1817 646 1893 sqq.
688 1794 784 1870 Vide
809 1806 923 1897 supra
947 1808 978 1889 §.
997 1800 1058 1872 ll.
1083 1796 1129 1872 Ν.
1144 1797 1209 1873 56.

58 1912 118 1987 lle
146 1909 361 2013 eognomini
385 1918 501 2010 poeta
525 1910 645 2007 lyrieo
670 1913 924 2006 Quintilianus
949 1916 982 1992 I.
1003 1915 1071 1991 Or.
1096 1915 1208 1992 Libr.

59 2032 110 2107 ll.
128 2054 162 2105 o.
175 2032 211 2105 l.
228 2030 353 2121 §.aaa
379 2028 465 2123 „At
478 2029 725 2129 Lyricorum,
740 2034 877 2133 inquit,
893 2034 999 2110 idem
1013 2034 1211 2109 Horatius

51 2151 152 2249 fere
175 2148 283 2223 aolus
317 2146 397 2245 lagi
426 2146 583 2243 debrius.
607 2192 661 2207 -·
699 2151 746 2226 Si
768 2179 881 2254 quem
906 2152 1210 2249 adjiceremus,

59 2270 95 2345 is
129 2266 204 2343 erit
229 2266 383 2344 Caesius
407 2268 567 2364 Bassus,
602 2296 715 2371 quera
744 2296 873 2371 nuper
902 2269 1111 2345 viduans.“
1169 2271 1211 2345 Is

60 2374 193 2465 lloruit
217 2388 289 2463 sub
303 2385 454 2463 Nerone
480 2395 521 2463 et
535 2388 833 2489 Imperatoribus
858 2389 1059 2487 proximis.
1109 2388 1213 2465 Eum

60 2506 222 2583 Vesuvii
256 2504 571 2609 oonllagratione,
613 2532 733 2607 quae,
777 2509 868 2584 Tito
901 2508 1137 2607 imperante,
1171 2508 1213 2583 d.

59 2626 133 2701 lX.
150 2626 240 2701 Kal.
258 2622 476 2725 Septembr.
501 2649 538 2701 a.
555 2626 600 2701 U.
620 2626 663 2703 C.
683 2627 773 2701 832.
798 2628 916 2701 urbes
932 2627 1213 2701 Herculaneum

60 2756 104 2823 et
128 2740 336 2845 Pompeios
368 2744 563 2843 sepeliret,
607 2770 685 2821 una
710 2770 799 2821 eum
821 2746 914 2822 villa
938 2770 1008 2821 sua
1032 2771 1214 2822 eonsum-

61 2874 177 2966 ptum
210 2864 392 2963 periisse,
432 2871 545 2940 vetus
586 2865 704 2941 tradit
739 2864 973 2940 scholiastes
1010 2864 1132 2941 Persii
1163 2864 1215 2940 ad

63 2982 149 3061 sat.
176 2982 241 3057 VI.
274 3006 314 3059 v.
343 2982 400 3076 l.,
446 3006 545 3081 quae
582 2981 720 3063 Occasio
753 2984 883 3057 Bursao
923 2984 1105 3083 iraseripta
1141 2990 1216 3058 est.

61 3102 162 3177 lnde
196 3101 314 3177 etiam
345 3099 522 3203 colligere
554 3101 665 3198 lieet,
707 3101 748 3175 in
781 3102 943 3177 dirersis
974 3126 1065 3177 oum
1088 3100 1216 3200 poesis

63 3220 209 3315 lyrioao
233 3220 434 3323 generibus
460 3228 650 3297 versatum
674 3244 778 3297 esser
815 3220 864 3295 ef.
891 3219 1140 3296 casaubonus
1166 3219 1216 3293 ul

64 3338 107 3413 h.
131 3338 160 3411 l.
186 3362 226 3435 p.
246 3338 336 3413 477.
363 3362 447 3437 sqq.
481 3346 521 3413 et
552 3339 727 3439 inprimis
751 3339 977 3431 Bernhardy
1008 3338 1050 3411 in
1078 3338 1149 3413 Gr.
1175 3336 1217 3411 d.

64 3456 121 3531 R.
145 3450 245 3531 Lite.
269 3483 309 3557 p.
333 3458 425 3533 2³3.
456 3455 502 3533 N.
531 3456 620 3533 435.
678 3454 801 3557 Hujus
837 3453 969 3533 caesii
996 3452 1118 3529 Bassi
1157 3461 1217 3527 est

67 3574 249 3651 earminis
291 3574 550 3677 fragmentum
598 3578 700 3676 apud
741 3574 977 3651 Prisoianum
1018 3571 1128 3647 Libr.
1164 3572 1218 3645 X.

66 3720 107 3795 p.
127 3694 219 3770 997.
235 3694 279 3769 Ρ.
304 3718 340 3771 o.
359 3696 398 3769 tl.
423 3694 536 3785 §.36-
551 3694 624 3771 Kr.
649 3694 817 3789 „Bassus
833 3696 876 3769 in
900 3693 951 3768 Π.
965 3692 1217 3789 Lyrioontms

177 3810 351 3915 Calliope
368 3810 555 3913 prinecps
579 3811 753 3913 rapienti
771 3814 964 3914 psalleret
989 3814 1098 3886 ore.“

67 3932 121 4009 lit
153 3932 257 4031 apud
289 3930 518 4010 Diomedem
542 3928 649 4005 Libr.
673 3930 744 4005 Ill.
769 3959 810 4031 p.
829 3930 917 4006 513.
934 3928 977 4005 P.
1011 3927 1219 4023 „Molossi-

69 4074 159 4129 oum
182 4056 352 4127 motum
375 4049 473 4125 milri
499 4048 741 4125 durissimum
755 4050 928 4126 rideturr
953 4046 1068 4149 hujus
1082 4072 1219 4125 exem-

67 4170 179 4273 plum
203 4170 272 4245 dat
297 4168 453 4245 Caesius
478 4168 620 4243 Bassus
643 4168 738 4243 tales

170 4287 356 4367 Iamna·
376 4288 544 4365 victores
571 4283 782 4366 amnonis
805 4283 1012 4362 devictis.“

111 4408 313 4475 wacena.
331 4406 510 4473 cums.
952 4406 1002 4482 10
