2670 5294
160 684 237 763 284
520 706 571 757 os
597 704 734 758 cassio
756 702 979 756 ramnes.

158 872 311 951 adeunti
336 878 377 945 et
401 867 581 946 ambienti
614 867 800 962 honores,
838 874 903 942 aut
926 867 976 941 ad
999 874 1218 966 postremos
1241 896 1297 947 re·

157 993 250 1068 ferri
282 1015 422 1083 antica,
466 1013 564 1087 quos
599 985 768 1061 Cassium
800 985 1051 1061 Alexandriae
1087 990 1193 1087 apud
1226 992 1298 1065 An-

157 1113 308 1189 tonirun
332 1108 556 1208 unnegisse
580 1105 769 1181 novimus.
821 1103 924 1203 Quot
942 1106 1178 1205 quantisque
1195 1108 1296 1211 hujus

157 1232 308 1333 generis
351 1226 530 1304 conviciis
565 1223 878 1322 couttrmeliisque
919 1223 1108 1301 Antonius
1142 1227 1232 1304 Cos.
1262 1231 1296 1303 iu

156 1351 287 1426 edictis
326 1346 500 1422 obruerit
535 1342 786 1420 Octavianum
824 1339 1024 1443 juvenem,
1065 1356 1295 1447 compertum

156 1469 341 1543 habemus
364 1490 416 1540 ex
433 1463 626 1539 Ciceronis
649 1461 813 1560 Philipp.
829 1460 899 1534 111.
925 1485 958 1536 e.
976 1463 1015 1537 θ.
1033 1490 1120 1563 sqq.
1175 1465 1293 1565 Neque

155 1611 227 1687 per
260 1610 303 1660 se
326 1583 579 1683 improbabile
605 1587 680 1673 est,
713 1580 962 1655 Parmensem
987 1582 1165 1659 Cassium
1192 1586 1292 1661 istam

156 1704 360 1804 epistolam
388 1727 441 1777 ex
473 1701 565 1775 Asia
598 1699 751 1774 dedisse
780 1700 830 1775 ad
859 1696 1139 1796 Octavianum,
1176 1729 1290 1803 quem

154 1823 326 1922 deposita
358 1828 444 1921 post
472 1843 640 1920 pugnam
662 1817 918 1894 Mutinensem
941 1820 1208 1917 simtdatioue,
1238 1823 1289 1897 in·

154 1943 304 2017 audiret
329 1943 379 2015 ad
396 1938 652 2024 ‘Gorrsrdatum
683 1938 894 2036 adspirare,
936 1946 977 2012 et
1000 1938 1117 2016 facile
1142 1965 1287 2044 augura

152 2070 260 2136 retrrr
283 2084 428 2136 novum
452 2057 535 2133 fore
561 2054 719 2132 civitatis
745 2056 956 2132 dominum.
1007 2058 1285 2137 Attamenmibi

152 2180 304 2256 videtur
336 2178 597 2271 verisimilius,
636 2177 708 2249 ista
743 2175 884 2273 scripta
924 2200 1010 2252 esse
1045 2179 1284 2254 Alexandriae

151 2298 388 2395 Romamque
413 2297 540 2372 missa.
593 2294 823 2371 Octavianus
848 2294 972 2387 enim,
1004 2297 1168 2374 sirnrrlae
1191 2296 1283 2373 Sext

151 2413 358 2516 Pompeius
390 2414 609 2516 profligatus
641 2420 758 2505 esset,
791 2436 910 2488 novas
935 2438 1148 2515 gravesque
1172 2440 1282 2491 susce·

150 2543 259 2637 porat
294 2559 382 2610 eum
423 2535 607 2627 Antonio!
629 2532 866 2620 inimicitias3
908 2542 1070 2631 uterque
1106 2535 1282 2611 arrodsiu

151 2656 233 2729 dies
270 2655 466 2729 discordiis
504 2660 637 2726 mutua
672 2653 744 2725 sibi
777 2675 848 2750 per
872 2652 1014 2726 litteras
1042 2656 1214 2730 eorrvieia
1235 2653 1281 2728 la·

151 2775 303 2849 ciebant
334 2782 374 2848 et
415 2773 662 2847 contumelias
699 2771 937 2871 ingerebant,
979 2779 1024 2844 ut
1053 2775 1197 2870 partim
1220 2773 1281 2847 fra·

150 2900 305 2994 gmenta
330 2892 574 2990 epistolarrmr
601 2892 703 2988 apud
728 2889 955 2965 Suetonirun
982 2916 1016 2965 e.
1046 2895 1129 2988 lu,
1156 2894 1280 2993 partim

150 3011 366 3086 Cremutius
408 3009 555 3083 Cordus
599 3011 698 3108 apud
741 3010 917 3084 Tacitum
957 3010 1054 3083 dnn.
1092 3011 1201 3088 Libr.
1225 3010 1278 3085 Π.

149 3154 179 3203 e.
203 3130 266 3203 34.
292 3136 504 3203 attestatum.
565 3127 652 3203 Jam
678 3153 766 3203 omn
791 3128 940 3202 Cassius
965 3128 1183 3205 Parmensis
1206 3131 1279 3203 inde

148 3248 196 3320 ab
229 3271 331 3320 anno
355 3249 399 3321 U.
422 3247 464 3322 G.
492 3247 581 3321 719.
616 3247 768 3321 Antonii
806 3272 976 3323 caussam
1010 3250 1277 3346 quodammodo

148 3390 256 3440 suam
290 3365 459 3459 fecisset,
493 3365 590 3438 nihil
620 3367 771 3440 videtur
795 3367 953 3465 propius
978 3390 1002 3440 a
1025 3391 1122 3443 vero
1150 3371 1277 3457 abesse,

147 3508 264 3583 quam
288 3485 487 3576 eumdem,
521 3509 642 3581 quum
667 3508 773 3558 arma
798 3493 882 3559 tum
906 3485 1169 3583 queseemnt,
1204 3483 1278 3582 styli

146 3626 307 3678 acumen
348 3603 581 3676 convertisse
613 3603 653 3675 iu
694 3603 887 3678 infensum
918 3603 991 3678 sibi
1026 3602 1276 3694 Octavianum,

143 3745 310 3820 eumque
334 3720 572 3793 irrisionibus
598 3722 843 3796 amarulentis
870 3724 1109 3819 proscidisse.
1162 3724 1276 3821 Neque

144 3843 347 3940 quisquam
381 3839 453 3911 erit
486 3839 580 3938 <prin
612 3840 654 3913 in
687 3841 754 3913 illo
781 3841 964 3940 epistolae
991 3842 1192 3919 Cassianae
1214 3841 1276 3915 lra-

145 3967 303 4061 gmento
331 3957 589 4055 deprehendat
612 3959 827 4058 ingenium,
853 3960 1068 4035 doctrinam
1092 3971 1136 4037 et
1160 3957 1276 4038 nurib-
1325 4016 1327 4027 .

145 4104 229 4154 eam
255 4077 439 4153 ucmninis
465 4077 723 4151 acerbitatem.

245 4195 450 4271 Suetonius
474 4195 603 4269 relatis
629 4195 703 4288 eis,
730 4219 828 4294 quae
846 4196 1034 4273 Antonius
1060 4200 1112 4274 de
1133 4205 1273 4299 paterm

141 4325 182 4392 et
214 4326 388 4391 materno
429 4337 570 4415 genere
612 4311 809 4390 Octaviani
852 4312 1010 4416 ejusque
1050 4318 1273 4420 ignobilitate

140 4459 211 4535 per
242 4435 424 4510 invidiam
457 4441 495 4507 et
530 4433 845 4509 obtrectationem
880 4445 1119 4513 commentus
1153 4436 1273 4527 uerat,

141 4552 259 4628 Cassii
276 4552 492 4627 Parmensis
518 4552 780 4628 testimonium
805 4549 986 4653 subjecit,
1014 4580 1093 4653 quo
1121 4565 1163 4632 et
1182 4554 1275 4633 ariae

139 4679 178 4747 et
211 4670 275 4744 avi
307 4670 521 4770 ignobilitas
556 4672 743 4747 declarata
775 4678 887 4746 esset.
947 4672 1140 4751 Antonius
1173 4673 1274 4764 enim,

139 4798 294 4867 auctore
321 4786 506 4866 Suetonio
532 4815 566 4866 o.
584 4794 642 4886 2.,
667 4799 870 4893 paternum
887 4790 1087 4870 Octaviani
1102 4814 1275 4898 prauum
