2670 5294
150 669 229 747 338
499 690 550 742 os
575 688 714 745 cassio
739 688 963 743 ramses.

512 967 831 1049 EXGURSUS
868 967 933 1045 lV.

152 1318 222 1406 M.
266 1301 545 1404 TULLIO
593 1309 988 1421 ΟΙΟΕΒΟΝΕ,
1036 1316 1105 1404 Μ.
1151 1313 1281 1409 008.

152 1469 365 1577 FILIO,
412 1466 719 1558 nondun
763 1462 1283 1561 GOMMlLlTONll.

255 1665 309 1743 Μ.
335 1665 484 1743 Tullius
510 1664 664 1761 cieero,
700 1663 821 1742 Maroi
845 1664 1020 1743 Consulis
1041 1665 1167 1765 filius,
1188 1678 1284 1746 natus

155 1793 215 1862 est
246 1784 392 1861 Romae
424 1808 526 1861 anno
558 1784 605 1860 U.
640 1783 683 1861 G.
715 1784 828 1879 600,
872 1783 929 1861 ita
959 1792 1005 1859 ut
1035 1810 1121 1862 uno
1152 1795 1283 1863 lanum

153 1929 256 1981 anno
287 1903 416 1979 minor
446 1909 549 1979 esset
581 1927 696 2002 quam
720 1900 911 1978 Horatius.
959 1902 1096 1981 Mense
1120 1904 1236 2005 Aprili
1254 1930 1282 1980 a.
1325 1970 1327 2003 ;

154 2023 200 2097 U.
220 2021 370 2099 (1709.
394 2021 532 2097 missus
556 2029 613 2097 est
636 2020 826 2116 Athenas,
859 2019 1146 2122 philosophiam
1179 2032 1281 2100 arde·

154 2164 231 2240 que
263 2140 445 2242 ingenuas
482 2139 702 2215 addiscendi
733 2164 879 2215 caussa.
947 2140 1130 2217 Horatius
1161 2144 1279 2218 eoderu

153 2282 255 2334 anno
280 2282 323 2333 se
348 2258 559 2333 studiorum
583 2281 718 2333 caussa
739 2258 781 2332 in
804 2259 908 2334 illam
931 2259 1072 2335 urhem
1097 2262 1279 2336 eontulisse

156 2376 330 2453 videtur:
364 2375 405 2450 id
431 2382 534 2453 certa
558 2376 718 2453 evidens
741 2384 818 2471 est,
846 2400 937 2453 eum
959 2374 1039 2479 jam
1064 2378 1279 2477 aliquamdiu
1325 2426 1327 2491 i

155 2503 434 2571 commoratum
458 2494 513 2567 ibi
538 2517 643 2588 esse,
675 2503 879 2595 antequam
902 2502 989 2595 post
1011 2494 1108 2572 lulii
1133 2496 1280 2572 Caesada

156 2615 314 2689 eaedem
346 2614 489 2689 bellum
523 2612 635 2689 civile
675 2621 913 2713 erumperem
954 2638 995 2692 v·
1028 2614 1280 2691 Massonusin

156 2732 231 2807 vit.
256 2734 388 2807 Horat.
413 2733 463 2807 ad
488 2755 524 2806 6.
548 2733 593 2805 U.
622 2731 665 2806 0.
690 2733 779 2808 709.
804 2757 844 2831 p.
867 2732 930 2806 33.
946 2757 1030 2832 sqq.
1090 2733 1191 2807 Num
1212 2732 1280 2831 qvis

156 2876 247 2925 usus
263 2849 455 2926 familiaris
480 2874 525 2925 66
551 2846 768 2951 oonjvmotio
786 2850 1069 2927 consuetudinis
1086 2851 1197 2927 alteri
1211 2872 1282 2926 eum

156 2970 273 3046 altero
297 2969 456 3045 Athenis
481 2967 614 3064 fiverit,
654 2975 913 3067 utnusquam
943 2971 1127 3047 traditum
1151 2968 1282 3048 inveni·

155 3114 262 3183 mus,
295 3089 350 3163 ita
384 3087 480 3163 mihi
513 3087 708 3187 utriusque
742 3087 864 3164 vitam
896 3096 938 3164 et
960 3113 1091 3165 mores
1116 3087 1283 3190 speetanh'

155 3231 206 3281 ne
232 3206 316 3284 veri
340 3205 497 3305 quidem
521 3205 644 3281 simile
676 3205 838 3283 videtur.
889 3206 1088 3303 floreum,
1120 3209 1283 3283 lilmrlino

154 3331 264 3399 natus
288 3333 397 3423 patro
420 3325 638 3424 modicique
662 3324 775 3425 agelli
798 3349 1036 3423 possessore,
1063 3325 1283 3401 hauddubie

153 3442 361 3516 reah-iatius
396 3444 560 3519 debebat
590 3444 722 3520 vivore
757 3467 802 3518 ao
835 3443 959 3520 vietus
984 3444 1188 3544 urlhssque
1210 3468 1284 3545 par·

155 3582 244 3635 oere
274 3561 505 3659 svmrptihus3
549 3569 680 3637 eontra
710 3559 807 3635 lilius
834 3560 1008 3636 Consulis
1035 3586 1061 3636 a
1085 3572 1198 3663 patro
1219 3584 1284 3637 non

152 3679 271 3754 modo
295 3679 519 3774 liberaliter,
546 3682 612 3755 sed
638 3680 753 3755 etiam
778 3687 909 3755 ornate
932 3681 1205 3781 cumulateque
1218 3690 1284 3755 ha·

154 3798 340 3873 elabatur:
366 3824 403 3876 v.
420 3800 469 3872 ad
483 3798 595 3872 Attio.
621 3796 729 3871 Libr.
747 3797 830 3872 XV.
856 3794 1013 3897 np.15.
1038 3801 1128 3889 §.4.
1175 3802 1283 3896 Qamro

153 3915 321 4013 primmn
346 3917 513 3992 desidiae
537 3916 725 4014 luxuique
750 3915 897 3991 deditus
922 3940 986 3992 aes
1012 3918 1184 3995 alienum
1207 3943 1283 3994 oon·

153 4040 336 4108 traxerat.
397 4035 508 4129 Quod
542 4058 630 4109 oum
661 4042 772 4134 pater
805 4036 978 4113 solvisset
1002 4034 1140 4133 eique,
1178 4044 1220 4111 ut
1242 4058 1284 4109 ax

155 4148 335 4250 Epistolis
368 4154 417 4228 ad
451 4152 561 4228 Attio.
587 4151 694 4226 Lihr.
717 4152 822 4229 XVI.
858 4155 895 4228 1.
928 4162 969 4229 et
1007 4154 1068 4229 15.
1101 4155 1283 4243 discum

153 4291 320 4346 annuam
345 4272 598 4348 constituisset
631 4270 696 4345 HS
722 4270 903 4367 Lm,
935 4273 964 4348 i.
988 4297 1024 4348 e.
1060 4297 1115 4349 ex
1148 4280 1284 4349 nosue

153 4389 335 4482 pecuniae
362 4391 528 4483 ratione,
556 4388 670 4465 3500.
696 4389 938 4490 Imperiales,
963 4399 1094 4467 tamen
1109 4392 1284 4483 novimus,
1325 4456 1327 4465 .

151 4499 310 4580 filiolum
334 4510 550 4584 modestum
576 4509 707 4604 illum,
732 4509 799 4608 qui
818 4511 957 4586 soleret
981 4510 1138 4586 mittere
1157 4510 1285 4611 episto·
1324 4518 1327 4639 4

151 4619 209 4697 lus
233 4621 289 4695 sio
314 4631 355 4697 et
380 4629 612 4727 φιλοστόργως
636 4635 675 4702 ot
699 4627 839 4715 εὗπινῶς
864 4629 1041 4730 scriptun,
1077 4653 1147 4705 eas
1172 4638 1216 4704 ut
1236 4623 1286 4704 vd

152 4736 193 4813 in
225 4742 370 4816 acroasi
404 4746 533 4849 legere
570 4751 731 4827 auderet
772 4757 901 4850 pater,
943 4750 991 4825 de
1023 4744 1145 4850 hujus
1184 4742 1288 4827 annui
