2670 5294
157 622 232 697 190
506 641 556 693 os
583 642 721 695 esssso
747 644 969 695 rannessa.

154 833 239 885 esse
264 814 370 909 puto.
422 805 511 883 Jum
533 806 626 883 lieet
650 808 789 883 msrltes
813 808 864 883 asl
888 831 980 884 eum
995 808 1149 884 dederit
1166 806 1294 908 episto·

153 932 209 1005 las
234 929 402 1022 Plinius,
438 934 567 1002 umen
592 928 633 1003 in
656 927 763 1002 nulle
786 928 851 1005 vel
875 935 992 1005 tenue
1014 928 1187 1005 ooeurrit
1209 928 1293 1003 buli·

155 1050 280 1144 oium,
314 1072 416 1147 quo,
454 1042 587 1148 oujatis
610 1047 676 1122 ille
699 1046 835 1142 fuerit,
870 1046 1130 1150 intellegatur.¹
1183 1047 1293 1125 (lieri-

156 1170 239 1269 gius
277 1167 434 1266 quidem
473 1166 522 1241 esl
554 1164 666 1241 Libri
690 1165 722 1243 1.
756 1164 878 1266 Epist.
902 1168 966 1245 22.
1009 1190 1106 1243 eum
1144 1168 1293 1267 appellnt

155 1289 435 1380 Veronensum,
462 1285 606 1361 suilioet
631 1287 813 1385 deeeptus
837 1286 1035 1363 mentione
1051 1286 1225 1365 Cornelii
1236 1286 1292 1363 lle·

156 1408 277 1506 potis,
309 1405 513 1505 munioipis
537 1401 633 1507 ejus.
685 1404 832 1480 Verum
856 1405 961 1481 euim
984 1430 1082 1483 vero
1107 1416 1178 1483 aut
1195 1406 1292 1485 vebs·

158 1533 311 1600 menter
335 1522 466 1619 fallor,
492 1532 559 1599 aut
585 1523 741 1600 Catilius
766 1522 935 1603 Severus
971 1526 1039 1601 ille
1073 1527 1109 1603 si
1134 1526 1292 1605 Veronae

155 1654 263 1719 uatus
289 1642 445 1735 finisset,
478 1643 624 1719 Plinius
654 1668 736 1719 nou
765 1644 1012 1746 muns'oipum
1034 1656 1219 1738 tuoruum
1241 1646 1292 1721 sul

155 1776 384 1839 nostrorum
408 1763 631 1862 soripsisset.
683 1762 782 1839 Cum
796 1763 1086 1842 Veronensibus
1110 1768 1219 1841 enim
1232 1766 1293 1841 Pli-

156 1883 222 1959 nio
247 1883 281 1957 si
313 1909 393 1959 nou
425 1884 624 1982 mumioipii
657 1884 896 1979 communio,
928 1892 1032 1960 oerte
1058 1910 1201 1987 magna
1223 1883 1295 1961 offi-

158 2002 305 2078 ciorum
319 2003 559 2077 nooessituslo
573 2002 796 2097 intercessit,
822 2009 868 2077 ut
882 2012 1039 2103 apparet
1056 2028 1107 2079 ex
1123 2004 1234 2081 Libri
1240 2002 1294 2079 Vl.

155 2118 325 2219 Epistola
340 2122 404 2195 34.
412 2172 427 2214 ,
452 2121 520 2193 ubi
544 2121 630 2198 illos
656 2121 796 2196 blamle
812 2134 967 2197 munos
987 2131 1117 2200 voout.
1170 2122 1296 2223 Eequis

157 2246 286 2314 autem
310 2239 384 2312 sibi
406 2241 653 2338 persuadeat,
679 2240 865 2334 Plinium,
892 2265 968 2339 qua
992 2250 1076 2317 erat
1100 2243 1296 2317 ambitione

156 2367 196 2434 et
231 2358 416 2453 vanitate,
459 2358 507 2433 sle
540 2358 754 2435 communis
785 2384 876 2435 oum
908 2362 1020 2435 tantis
1053 2361 1151 2439 viris
1181 2360 1297 2437 muni·

158 2478 247 2577 eipii
272 2478 419 2554 bonore
443 2503 521 2553 non
546 2478 747 2578 gloriatum
770 2472 881 2553 esse?
916 2479 1082 2556 Proinde
1107 2480 1298 2556 fatendam

158 2607 236 2693 est,
262 2623 332 2675 nos
359 2598 482 2673 Catilii
508 2595 645 2674 Severi
678 2597 846 2673 rramlem
871 2600 1006 2673 urbem
1030 2600 1179 2700 puriter
1201 2602 1299 2704 iguo·

157 2742 243 2792 rare
268 2742 313 2793 ao
339 2706 504 2792 Comelii
528 2716 682 2816 Nepotis
707 2725 746 2791 et
771 2716 851 2790 Titi
877 2717 1005 2793 Cassii.

261 2840 366 2931 Qrsae
392 2836 572 2912 haetenus
597 2836 787 2934 disputata
812 2843 920 2932 sunt,
956 2861 1092 2913 eomm
1117 2864 1301 2915 summam

157 2957 225 3030 ubi
249 2954 406 3049 feeeris,
432 2957 472 3029 id
498 2963 644 3029 tentum
667 2954 846 3029 fateberis
871 2956 1028 3033 evidens
1054 2982 1140 3033 esse
1166 2967 1205 3034 et
1225 2984 1302 3035 eer-

156 3084 259 3167 tum,
303 3074 447 3149 vixisse
480 3075 637 3148 inermte
669 3074 819 3148 saeculo
852 3076 1014 3175 septimo
1050 3086 1140 3176 post
1166 3079 1303 3155 Urbem

158 3192 350 3267 eonditum
375 3192 403 3267 C
406 3193 545 3267 assium
560 3192 762 3267 Hemiuam
783 3195 986 3291 quemdam
999 3195 1214 3271 Annalium
1227 3197 1303 3272 sive

156 3310 407 3386 Historiarum
432 3313 679 3410 soriptorom,
705 3312 774 3387 sed
798 3309 882 3413 jure
897 3314 1060 3389 dubitari
1067 3367 1082 3409 ,
1106 3340 1206 3391 num
1222 3342 1303 3390 um·

157 3454 273 3528 quem
297 3430 414 3505 fuerit
438 3432 548 3505 Titus
574 3430 723 3506 Cassius
749 3429 917 3522 Seuerou
936 3432 1172 3511 Veronensis
1194 3436 1304 3511 item-

155 3573 233 3648 que
257 3549 443 3623 librorum
467 3550 734 3626 historicorum
759 3559 903 3626 auctor.
932 3551 1159 3657 ,Quidquid
1184 3564 1304 3630 autem

155 3674 233 3763 est,
258 3668 456 3769 utriusque
474 3670 592 3745 Cassii
615 3669 842 3745 memoriam
866 3652 905 3745 et
922 3694 1065 3745 nomeu
1090 3672 1304 3749 obscuravit

156 3812 202 3865 ae
226 3814 350 3890 paene
375 3790 562 3865 exstinxit
586 3788 797 3889 geutilioius
814 3789 970 3888 qsrislam
986 3799 1139 3889 orator,
1169 3795 1218 3870 sle
1231 3816 1302 3893 quo

155 3932 259 3985 ulmo
284 3909 511 4009 explicatius
535 3908 631 3984 mibi
656 3908 860 3984 dicendum
884 3917 956 3984 est.

682 4123 714 4205 t.
740 4114 779 4189 4.

259 4268 408 4345 Cassius
433 4266 599 4346 Severus
626 4264 786 4363 Orator,
813 4263 921 4369 eujus
942 4269 1080 4343 erebro
1096 4272 1202 4370 apud
1216 4267 1308 4346 suri·-

48 4460 53 4465 .
155 4390 288 4481 ptores
311 4396 463 4464 veteres
487 4387 529 4462 fit
552 4387 719 4482 mentio,
751 4387 974 4463 uberiorem
1007 4387 1170 4485 quidem
1192 4412 1298 4491 prue-

154 4500 224 4575 bet
247 4504 438 4579 scribendi
470 4508 688 4602 materiam,
722 4530 795 4581 nee
830 4514 957 4581 tamen
981 4506 1198 4583 minoribus
1218 4530 1301 4609 per·

152 4619 312 4721 plexum
336 4623 628 4701 difficultatibus.
680 4626 801 4727 Vulgo
822 4626 1000 4699 tribuitur
1015 4626 1052 4699 ei
1068 4649 1300 4723 praenomen

158 4738 263 4817 Titia
306 4736 416 4840 eujus
455 4749 595 4821 testem
634 4744 668 4821 si
710 4746 948 4847 quaerimsu,
989 4770 1221 4823 revocamur
1252 4742 1301 4821 'ul
