2686 5236
143 634 197 735 ²4.
261 624 264 629 ’
353 654 357 663 ·
497 659 547 709 aa
575 660 612 710 ι.
628 658 755 711 varro
783 644 929 711 roera.

245 822 292 901 si
322 845 441 924 porro
466 812 679 920 quaeritur,
713 848 793 921 quo
827 829 1004 921 temporo
1027 842 1157 921 quave
1181 842 1290 895 oocu-

144 944 254 1021 siona
278 941 461 1043 Virgilius
484 941 529 1014 in
552 939 661 1016 Varii
695 941 873 1017 notitiam
906 941 1193 1039 anicitiamque
1223 960 1291 1015 ue-

143 1063 264 1155 uerit,
303 1061 401 1137 milri
432 1084 565 1135 rerum
606 1068 901 1161 tcmporrmupre
933 1068 1132 1135 momenta
1163 1056 1291 1158 pensi·

145 1182 242 1259 tanti
267 1182 446 1259 vimnau
469 1179 564 1255 haec
590 1206 678 1255 cum
694 1181 822 1278 aliqua
836 1180 1006 1255 veritatis
1023 1178 1152 1279 specie
1166 1177 1291 1277 dispu-
1333 1194 1335 1263 ξ

144 1301 219 1377 tari
249 1324 375 1400 posse.
436 1298 535 1375 Num
568 1305 683 1397 poota
715 1298 943 1373 Mantuanus
973 1321 1160 1396 umquam
1180 1296 1292 1371 inno-

145 1420 264 1495 tuerit
305 1417 473 1513 Gatullo,
521 1418 771 1495 vehementer
808 1419 962 1511 dubito,
1008 1416 1161 1491 etiarnsi
1194 1414 1292 1489 huno

146 1536 191 1613 G.
215 1536 318 1612 Julio
351 1536 505 1611 Caesari
539 1536 781 1635 superstitem
811 1535 930 1611 firisse
969 1561 1060 1612 oum
1091 1532 1176 1609 Jos.
1203 1530 1292 1608 Saa-

145 1658 265 1758 ligero
298 1657 349 1731 tul
382 1655 538 1729 Eusebii
571 1654 712 1729 Chron.
746 1653 793 1730 Ν.
825 1653 1111 1731 Muccccnx.
1143 1678 1189 1752 p.
1210 1650 1291 1727 154.

147 1786 187 1853 et
210 1776 263 1852 Is.
280 1774 505 1850 Gasaubono
529 1775 580 1849 ad
596 1772 757 1849 Sueten.
782 1773 858 1850 Jul.
878 1775 983 1850 Caes.
1011 1799 1045 1849 o.
1063 1774 1130 1848 7³.
1156 1770 1247 1847 Vol.
1262 1766 1303 1843 1..

147 1922 189 1997 p.
210 1897 297 1971 151.
323 1894 372 1971 B.
395 1900 555 1969 statuas:
581 1893 687 1992 quod
711 1918 804 1970 vero
830 1895 927 1968 mihi
942 1918 1052 1969 secus
1073 1893 1232 1969 uidetur
1240 1886 1292 1985 ¹⁸).

148 2014 230 2091 Sea
266 2012 384 2089 Vario
418 2020 459 2088 et
483 2011 626 2087 Girmao
658 2012 768 2087 illmn
794 2014 1005 2099 irmotuisse
1029 2010 1206 2110 suspicor
1227 2030 1293 2107 per

149 2134 193 2211 G.
217 2132 393 2207 Asinium
416 2129 643 2206 Pollionem.
700 2130 761 2226 Is,
795 2139 912 2232 prout
944 2132 1070 2232 poesis
1097 2129 1293 2205 studiosis·
1332 2158 1335 2249 j

149 2253 268 2329 simus
302 2259 405 2344 erat,
438 2257 661 2325 nascentem
692 2251 804 2326 illum
834 2252 877 2325 in
910 2275 1000 2352 agro
1025 2250 1186 2325 Andino
1209 2272 1293 2347 poo-

150 2379 230 2447 tam
266 2368 476 2447 duumviris
509 2369 608 2463 illis,
642 2370 792 2469 poetica
817 2370 930 2445 laude
958 2366 1036 2471 jam
1059 2368 1291 2459 flooenfihn,

151 2490 378 2590 ‹pribuscum
403 2488 440 2564 ei
465 2489 620 2582 eadem,
656 2512 753 2586 (prae
779 2513 867 2563 enm
893 2488 1063 2583 Gaurllo,
1096 2488 1219 2563 firisse
1240 2486 1293 2563 ri·

151 2611 264 2685 ‹letrrr
297 2608 555 2703 consuetudo,
597 2605 700 2683 haud
741 2608 857 2683 drrlria
890 2608 1228 2685 commendaverat
1240 2605 1292 2705 ¹⁹).

238 2871 292 2938 t8)
313 2863 396 2927 Haec
423 2885 511 2926 ame
531 2865 638 2941 scripta
665 2874 733 2926 suut
754 2875 837 2943 ante,
869 2885 956 2941 quam
975 2866 1006 2926 iu
1026 2884 1130 2927 manus
1148 2865 1294 2942 perrecin

151 2962 250 3031 posset
277 2952 448 3028 perelegans
478 2953 624 3026 bonaeque
653 2952 745 3029 frugis
776 2953 960 3027 planissimus
979 2952 1112 3014 libellus:
1144 2946 1295 3013 Rauraci·

151 3034 260 3098 Emuk
284 3058 342 3096 von
362 3035 495 3095 Herm.
525 3034 749 3097 Paldamus
774 3034 931 3113 (Greilsw.
955 3042 1084 3115 lasa),
1114 3038 1145 3096 in
1166 3059 1226 3114 quo
1242 3032 1295 3095 Vir

152 3121 347 3204 Dactiesimus
379 3142 408 3195 p.
435 3126 488 3181 27.
509 3140 554 3196 sq.
584 3122 704 3196 iisdem,
741 3144 813 3197 quas
843 3142 900 3201 ego
927 3134 1023 3182 arente
1052 3125 1210 3199 animoque
1235 3140 1296 3183 aas·

153 3228 287 3284 ceperam
314 3204 443 3283 miliique
472 3216 655 3282 notaveram,
694 3210 852 3269 rationibus
882 3207 1025 3285 Scaligeri
1051 3211 1225 3269 antennam
1247 3210 1296 3269 irs·

152 3303 261 3371 pugnat
276 3297 322 3370 ct',
344 3301 376 3351 nt
389 3289 459 3350 milri
475 3290 590 3368 quidem
608 3292 736 3368 ridetur,
758 3305 840 3353 extra
857 3315 969 3354 osanam
984 3293 1190 3359 dtrbitatioaem
1211 3294 1296 3371 pouit,

155 3375 300 3439 Catullum
334 3378 451 3437 minime
489 3380 675 3453 superstitem
709 3380 800 3438 faisse
825 3376 904 3440 lulio
936 3377 1070 3455 Caesari,
1107 3380 1162 3441 sctl
1191 3380 1297 3439 circiter

156 3484 232 3525 anuo
253 3465 354 3524 aetatis
374 3461 604 3540 quadragesimo,
624 3462 730 3525 laea.
750 3461 834 3524 ILG.
847 3471 920 3528 707.
942 3485 996 3527 seu
1010 3471 1084 3526 708.
1106 3465 1184 3525 ‹liem
1201 3482 1297 3541 supre-

155 3570 235 3611 mum
256 3550 375 3611 obiisse.
422 3545 503 3608 ldem
525 3549 666 3627 ostendit,
696 3547 875 3627 Scaligerum
905 3572 946 3612 ex
976 3548 1122 3611 Martialis
1144 3548 1231 3611 Libr.
1244 3544 1298 3609 Ν.

153 3630 257 3713 Epigr.
275 3639 326 3697 14.
349 3632 386 3695 sd
407 3628 514 3712 Silium
535 3631 684 3711 italicum,
707 3632 878 3696 Punicorum
899 3638 1084 3715 scriptorem,
1105 3656 1137 3698 v.
1153 3643 1207 3698 13.

396 3717 451 3781 Sic
463 3721 582 3802 farsos
600 3735 683 3781 tester
702 3743 792 3781 ausus
814 3735 857 3782 cst
878 3722 1016 3783 omullus
1092 3710 1104 3737 '

395 3803 518 3880 Magno
537 3809 650 3867 mittero
666 3830 819 3883 passerem
840 3806 981 3881 Maroni,

98 3908 105 3922 ·
145 3899 265 3955 ¹temera
286 3890 459 3967 collegisse,
479 3887 596 3951 Catullo
610 3894 735 3968 aliquam
756 3894 999 3953 necessitudinem
1019 3891 1223 3951 intercessisse
1240 3908 1301 3951 cum

155 3972 295 4055 Virgilio.
347 3975 491 4053 Apertum
518 3978 595 4037 enim
624 3990 688 4052 est,
726 3978 891 4040 Martialem
916 3980 956 4037 ibi
986 3998 1020 4039 se
1040 3976 1173 4037 corrierre
1195 3988 1302 4037 tmtusr

156 4082 221 4123 cum
243 4060 377 4141 Catullo,
397 4072 427 4124 et
448 4082 513 4123 cunr
534 4060 663 4140 Virgilio
685 4061 811 4143 Silium,
833 4068 897 4141 ejus
919 4065 1104 4123 imitatorem.

245 4188 298 4255 19)
319 4180 430 4265 Quanti
448 4179 610 4242 Pollionem
627 4182 728 4243 iecerit
743 4180 895 4258 Catullus,
916 4182 1000 4245 (locet
1020 4178 1119 4244 carm.
1131 4178 1211 4245 th.
1232 4186 1303 4249 vri·

459 4266 555 4328 Credo
575 4266 706 4331 Pollioni
752 4284 755 4291 ’

395 4352 522 4428 Fratri,
543 4356 596 4435 qui
614 4367 669 4415 trus
681 4355 781 4437 furtu
798 4352 846 4413 vel
863 4353 974 4417 talento

398 4438 524 4499 Mutari
542 4439 632 4502 uelit.-
652 4455 695 4501 est
713 4444 790 4500 esim
810 4439 944 4517 leporum

398 4522 540 4587 narnus
545 4547 635 4630 ’puer
653 4547 692 4588 cc
703 4528 904 4609 sacramur,

158 4608 227 4669 licet
255 4607 310 4671 ille
335 4607 467 4671 unicum
486 4614 569 4672 anuis
589 4613 684 4672 minor
704 4624 772 4673 nutu
799 4624 879 4672 essct
899 4632 984 4688 qnam
1007 4620 1092 4687 poeta
1111 4607 1306 4675 Veroneuls·

158 4692 252 4755 Aliud
280 4696 502 4776 familiaritatis,
533 4718 619 4773 quam
639 4695 802 4759 Pollionem
828 4701 906 4759 iuter
932 4709 963 4759 et
981 4694 1107 4761 Varium
1128 4695 1309 4810 Ginnsmpu

37 4802 42 4811 ·
158 4779 250 4843 tuisse
268 4792 418 4861 putamus,
440 4742 639 4845 documentum
658 4784 734 4847 iufra
754 4782 945 4863 proferemus.
