2670 5294
151 662 229 737 264
500 685 551 735 ns
578 684 715 735 cassio
742 684 965 735 rauranum.

149 847 259 941 fidia,
303 870 420 946 (psam
456 843 539 945 ejus
565 848 668 945 apud
691 845 848 922 Actium
872 840 1029 921 clades?
1074 846 1224 944 Atque,
1253 856 1290 920 ut

152 969 278 1043 «boam
311 968 414 1064 (prod
450 965 592 1058 sentio,
632 966 749 1040 hacce
788 960 1004 1067 conjectura
1039 967 1221 1064 proxime
1251 968 1290 1039 al

152 1109 291 1163 venun
325 1085 526 1159 accessisse
559 1083 654 1157 mibi
683 1084 830 1159 videor.
881 1085 1046 1159 Noverat
1071 1082 1291 1160 Octavianus

151 1206 230 1280 duo
252 1203 312 1277 sui
336 1204 452 1301 patris
477 1224 744 1301 percussores,
770 1202 812 1275 P.
828 1202 1048 1275 Tmullisun
1074 1208 1117 1277 et
1133 1202 1293 1277 Cassium

152 1322 421 1416 Par-mensem,
465 1322 514 1395 ab
551 1319 718 1396 Antonio
752 1319 793 1393 in
824 1321 985 1420 gratiam
1019 1320 1292 1418 amicitiamque

154 1466 239 1519 esse
272 1448 462 1540 receptos.
522 1438 570 1513 la
603 1462 838 1537 quamquam
863 1440 998 1538 procul
1023 1440 1144 1515 dumio
1170 1462 1293 1540 aeger·

151 1560 250 1635 rimo
274 1561 434 1653 aflerat,
460 1565 590 1633 tamen
613 1583 695 1632 non
715 1566 889 1656 pctucrat
905 1557 1117 1658 impedire,
1143 1566 1187 1633 et
1209 1581 1294 1657 poe·

152 1702 265 1773 nam,
310 1703 409 1776 quae
442 1678 490 1751 ab
523 1677 598 1752 illis
631 1700 686 1753 cx
717 1678 803 1778 lege
836 1677 953 1751 Pedia
977 1677 1166 1751 sannenda
1190 1684 1291 1769 esset,

155 1798 341 1877 debuerat
366 1793 532 1871 differre.
582 1789 670 1871 lam
695 1820 786 1871 cum
808 1794 882 1894 ipsi
908 1796 1105 1870 Turullius
1135 1796 1189 1870 ad
1211 1820 1294 1893 poe·

153 1939 246 1990 nam
280 1916 512 2009 traderetur,
549 1913 654 1990 haud
698 1915 815 1990 dabie
849 1915 1060 1989 sciscitatum
1095 1914 1148 1989 <lc
1175 1912 1291 1989 Cassio

154 2033 370 2129 Parmensi,
405 2058 521 2134 quiem
554 2033 774 2109 etiamnunc
804 2034 846 2107 in
871 2032 1027 2108 Antonii
1054 2032 1294 2109 contubernio

154 2176 240 2228 esse
256 2160 444 2252 putasset,
470 2154 519 2227 ab
535 2152 610 2226 illis
626 2152 757 2255 legatis
782 2159 1042 2250 compererat,
1067 2152 1175 2228 huno
1189 2150 1291 2225 Athe·

154 2270 234 2365 nis,
273 2295 352 2344 non
391 2270 648 2348 Alexandriae
689 2270 834 2347 vivere.
897 2270 979 2345 Hac
1019 2294 1065 2345 re
1109 2276 1289 2369 oompert
1331 2322 1333 2337 =

155 2384 407 2482 Octavianus,
457 2414 556 2487 quae
606 2395 686 2464 erat
729 2385 813 2489 ejus
852 2389 1061 2465 ulciscendi
1101 2390 1285 2490 cupiditm

155 2507 350 2605 extemplo
391 2506 496 2581 misit
529 2508 575 2600 Q.
608 2507 778 2602 Varum,
820 2507 984 2582 militum
1030 2508 1192 2602 ducem,
1236 2504 1286 2606 qai

157 2624 326 2700 Cassium
367 2625 527 2700 Athenis
565 2626 811 2728 investigaret
855 2652 1020 2727 eumque
1060 2626 1284 2703 interficeret

155 2744 284 2843 Atque
315 2745 387 2819 hac
420 2746 566 2821 ratione
596 2746 766 2822 accidere
791 2753 956 2844 poterat,
994 2748 1103 2845 quod
1132 2746 1286 2820 Valeriis

156 2861 349 2938 Maximus
375 2864 523 2958 scribit,
555 2866 656 2939 inter
681 2888 768 2939 eam
791 2874 965 2959 noctem,
990 2865 1032 2938 in
1057 2888 1139 2964 qua
1158 2864 1285 2940 Cassiis

157 2983 348 3056 somnium
380 2984 482 3057 istud
513 2983 686 3078 vidisset,
734 2991 775 3059 et
807 2984 1055 3082 supplicium,
1099 3008 1180 3082 quo
1216 3004 1286 3057 ain

158 3099 296 3175 Caesar
341 3098 570 3177 Octavianus
608 3100 816 3194 atl'ecisset,
867 3102 1063 3201 paululum
1099 3102 1285 3177 admodum

158 3220 340 3318 temporis
365 3220 632 3295 intercessisse.

261 3338 408 3413 Verum
447 3340 550 3414 enim
585 3364 677 3415 vero
717 3339 973 3438 periculosum
1007 3344 1066 3413 est
1105 3363 1152 3413 ao
1184 3358 1284 3438 pacm

156 3458 384 3552 miserum,
405 3460 495 3532 talia
536 3458 769 3533 comminisci
810 3467 850 3532 et
891 3454 1161 3558 hujuscemodi
1202 3482 1285 3534 con·

156 3577 294 3653 mentis
319 3600 364 3651 ao
388 3577 472 3653 veri
496 3575 628 3651 falsive
654 3577 863 3651 visionibus
879 3578 1106 3675 scriptorum
1128 3586 1285 3653 vetem

159 3693 277 3770 fidem
311 3702 378 3770 aut
409 3695 638 3770 labefactare
670 3697 773 3771 velle
803 3702 870 3768 aut
896 3696 1149 3769 communire.
1201 3694 1285 3789 Quat

158 3819 286 3888 tamen
317 3839 480 3912 cumspse
514 3838 537 3888 a
567 3839 632 3889 mc
665 3822 799 3888 contra
822 3813 1117 3915 Wesseliugium
1150 3813 1195 3887 in
1223 3832 1287 3887 mc·

160 3932 265 4006 dium
289 3933 437 4031 prolata
461 3940 568 4028 sunt,
604 3956 672 4026 ea,
706 3957 838 4030 spero,
869 3933 966 4008 banc
991 3933 1193 4008 babebmt
1215 3930 1287 4019 vin,

157 4057 222 4144 ut,
258 4074 374 4151 quam
399 4058 545 4126 temere
578 4052 644 4125 ille
677 4052 726 4125 de
751 4047 890 4151 Velleji
915 4052 1143 4127 auctoritate
1169 4048 1290 4127 ettilo

157 4169 407 4265 dubitaverit,
454 4170 574 4246 cuivis
606 4171 820 4251 luculenter
851 4177 1045 4266 appareat.
1111 4166 1290 4269 Vellejm

145 4292 235 4364 'non
267 4290 391 4388 potuit
425 4289 544 4363 latere
576 4289 684 4363 triste
719 4288 762 4361 P.
798 4287 961 4360 Turullii
991 4287 1127 4363 fabum.
1191 4280 1293 4385 mpl

159 4406 374 4501 Tumllius,
400 4416 445 4481 ut
464 4408 577 4482 certis
593 4407 803 4505 validisque
820 4405 1049 4506 argumentis
1067 4408 1294 4483 dememor-

34 4545 37 4550 ·
157 4531 240 4599 tum
266 4533 344 4620 est,
370 4526 516 4601 occisus
541 4533 600 4600 est
620 4527 749 4601 hieme
776 4533 946 4599 exeunte
972 4524 1065 4600 anni
1089 4526 1141 4601 U.
1160 4528 1203 4603 G.
1219 4522 1295 4601 m

156 4641 281 4744 Ergo,
318 4667 407 4717 cum
431 4668 454 4718 a
479 4640 626 4746 Velleio
652 4646 798 4719 dioatm
821 4645 980 4717 ultimus
1006 4667 1060 4719 ex
1083 4643 1297 4723 interiecto·

156 4761 263 4839 ribus
297 4757 391 4838 Julii
425 4762 596 4841 Caesaris
627 4770 753 4842 morte
775 4787 922 4864 poenas
946 4762 1100 4841 dedisse
1125 4764 1299 4845 Pam
