2670 5294
27 781 33 793 Ι
168 694 245 772 256
530 718 580 769 ns
607 717 744 769 cussie
767 718 988 770 rsnrrnusr.

169 885 291 962 verba
315 880 380 956 hic
404 880 690 955 transcribenda
716 903 800 955 esse
818 880 924 955 duxi.
976 881 1236 984 „Prolligate,
1258 885 1305 957 iu·

168 1004 251 1102 quit
284 1002 368 1092 ille,
410 1002 459 1073 ad
492 999 641 1072 Actium
670 999 862 1092 Antonio,
896 998 1106 1099 fmctisrpie
1132 1004 1301 1101 partibus,

167 1121 318 1197 Cassius
351 1118 563 1191 Parmensis
596 1116 764 1190 Athenas
798 1117 988 1218 confugit,
1030 1122 1300 1218 exterritusque

167 1247 355 1313 noctrnno
365 1236 448 1312 visu
457 1288 469 1327 ,
495 1236 602 1309 brevi
614 1243 700 1333 post
716 1233 885 1309 Caesaris
902 1234 1106 1313 Octaviani
1132 1235 1236 1338 jussu
1251 1240 1299 1312 iu·

167 1357 348 1432 terlectus
367 1362 434 1428 est.
463 1353 654 1449 (Valerius
671 1352 780 1428 Libr.
798 1354 830 1426 I.
848 1359 884 1429 7.
903 1356 959 1451 7.)
1012 1356 1177 1432 Factum
1199 1358 1237 1430 id
1253 1358 1299 1431 ri·

166 1478 296 1567 detur,
334 1497 411 1570 que
437 1479 611 1571 tempore
636 1471 796 1566 Caesar,
832 1474 946 1547 rebus
973 1473 1161 1549 Graeciae
1186 1486 1223 1551 et
1244 1500 1296 1549 re·

165 1601 385 1667 terauorum
409 1591 575 1663 militinn
609 1591 840 1684 constitutis,
885 1594 1079 1687 mysteriis
1106 1591 1294 1668 Eleusiniis

164 1712 334 1784 initiatus
351 1718 428 1803 est,
455 1710 563 1783 sicuti
577 1717 635 1783 est
650 1709 752 1807 apud
767 1710 929 1784 Diouem
944 1709 1051 1783 Libr.
1070 1710 1141 1785 LI.
1165 1739 1205 1811 p.
1222 1712 1294 1787 509.

164 1830 297 1927 Neque
332 1829 434 1902 enim
467 1851 560 1903 vero
585 1828 706 1901 simile
730 1827 794 1922 lit,
829 1829 993 1904 voluisse
1020 1829 1224 1905 Caesarem
1245 1832 1292 1905 ri·

165 1956 330 2040 ctorem,
375 1955 415 2019 et
448 1947 536 2020 satis
575 1948 617 2020 in
658 1946 831 2021 civilibus
862 1947 923 2020 his
965 1948 1077 2021 bellis
1114 1950 1291 2035 acerbum,

163 2067 281 2166 patris
306 2065 365 2138 sui
390 2088 652 2163 percussorem
677 2089 864 2162 suumque
897 2065 1159 2141 adversarium
1183 2069 1224 2140 in
1245 2069 1290 2141 ri·

164 2186 249 2259 eina
274 2184 369 2256 urbe
394 2183 567 2256 tolerare.
621 2182 841 2257 Secundum
868 2183 962 2256 haee
986 2183 1127 2258 milites
1142 2186 1186 2257 in
1201 2184 1291 2259 Italia

163 2301 370 2375 tumultiun
395 2300 650 2394 concitarunt,
677 2302 726 2376 ad
751 2324 866 2399 quem
883 2303 1205 2399 compescendum
1226 2326 1292 2375 me·

164 2420 225 2493 dia
267 2419 414 2511 hieme,
458 2428 641 2515 quautrnn
681 2420 827 2519 potuit,
871 2419 1131 2493 Brundisium
1173 2418 1291 2495 Caesar

161 2536 366 2612 festinavit.
418 2536 501 2610 Hoc
525 2536 741 2614 felicissime
767 2540 918 2631 sedato,
944 2537 1187 2636 militrmrque
1202 2548 1293 2614 rete-

162 2679 341 2730 ranorum
367 2655 564 2728 desideriis
590 2658 792 2750 ordinatis,
819 2657 1012 2756 trigesime
1038 2680 1156 2752 quum
1174 2658 1215 2730 iu
1229 2657 1292 2729 lte

161 2775 253 2848 liam
287 2781 461 2866 venerat,
504 2774 566 2847 die
601 2776 758 2849 revertit
782 2776 824 2848 in
850 2773 1072 2865 Graeciam,
1109 2800 1206 2849 mex
1229 2784 1292 2849 tra·

160 2889 327 2992 iecturus
360 2893 401 2964 in
431 2893 562 2965 Asiam
595 2894 644 2966 ad
675 2894 981 2992 persequendrun
1015 2893 1173 2967 bellum.
1235 2894 1292 2965 llic

162 3011 311 3111 degenti
344 3011 457 3110 legati
489 3011 648 3085 Antonii
688 3022 912 3104 occurrunt,
956 3013 1005 3085 de
1036 3036 1132 3108 pace
1170 3012 1293 3087 acturi:

161 3131 228 3226 qui
254 3155 342 3202 cum
367 3129 462 3201 nihil
487 3129 753 3228 impetrarent,
779 3155 874 3204 mox
900 3132 1017 3204 altera
1032 3130 1142 3205 venit
1158 3131 1292 3231 legatio,

160 3271 337 3345 magnam
372 3248 555 3344 pecuniae
582 3249 660 3323 rim
685 3250 938 3347 promissura,
978 3256 1018 3322 et
1042 3250 1186 3324 veteris
1212 3248 1292 3322 arui·

162 3364 272 3438 citiae
298 3388 341 3438 ac
367 3366 656 3461 propinquitatis
683 3367 883 3442 Caesarem
909 3367 1209 3441 commonitum:
1240 3374 1291 3439 ut·

161 3505 236 3578 que
277 3504 325 3553 eo
359 3482 568 3556 faciliorem
603 3486 653 3557 ad
695 3511 828 3584 pacem
871 3486 944 3559 sibi
975 3485 1081 3559 iiam
1115 3486 1288 3560 emunirct

160 3599 365 3691 mitonins,
392 3608 474 3671 tum
501 3626 627 3676 noxae
647 3603 798 3678 Caesari
824 3603 978 3677 tradidit
1001 3602 1046 3675 P.
1073 3603 1284 3691 Turullium,

161 3744 273 3791 sumn
306 3717 490 3809 amiciun,
536 3722 602 3793 sed
636 3721 804 3796 Caesaris
839 3746 1115 3819 percussorem.
1167 3722 1204 3795 Is
1226 3722 1282 3793 du·

160 3845 241 3910 ctus
275 3837 317 3908 iu
349 3837 510 3909 insulam
546 3838 652 3913 Coou
687 3848 765 3932 est,
809 3848 848 3915 et
873 3841 974 3937 apud
1000 3840 1132 3913 lucum
1157 3842 1280 3913 Anou-

159 3955 269 4052 lapii,
314 3978 429 4051 quem
464 3955 556 4028 olim
591 3958 639 4029 ad
672 3982 787 4032 naves
820 3957 1056 4031 fabricandas
1088 3982 1222 4058 magua
1240 3978 1279 4027 ex

158 4084 264 4170 parte
307 4073 536 4166 succiderat,
580 4076 870 4151 contrucidatus.
940 4075 1006 4151 Sic
1040 4076 1115 4149 Dio
1154 4074 1277 4151 Cassiis

157 4189 264 4263 Libr.
292 4190 358 4263 LI.
393 4219 431 4290 p.
457 4190 544 4266 513.
580 4201 619 4266 et
652 4201 741 4267 aute
784 4219 872 4267 eum
904 4194 1079 4269 Valerius
1113 4193 1277 4267 llaximus

156 4305 265 4379 Libr.
286 4307 317 4381 Ι.
349 4312 381 4382 l.
412 4314 470 4384 19.
531 4311 679 4408 Ecquid
709 4308 788 4411 jam
824 4312 1091 4388 animadvertis
1118 4312 1215 4385 huuc
1235 4306 1278 4382 rei

156 4433 285 4522 gestae
311 4431 483 4504 ordinem
508 4426 645 4529 Velleji
663 4428 864 4528 Orosiique
890 4429 1098 4504 sententiae
1124 4453 1204 4505 esse
1225 4427 1280 4503 ad·

156 4541 335 4618 versum?
376 4547 415 4620 Is
449 4548 481 4620 si
508 4548 669 4623 veritate
695 4548 845 4640 nititur,
885 4549 1042 4622 ultimus
1069 4571 1123 4620 ex
1147 4570 1278 4647 percus

158 4660 308 4732 sorilrus
344 4662 515 4737 Caesaris
548 4664 590 4737 P.
620 4666 813 4739 Turullius
839 4675 962 4741 morte
986 4690 1132 4764 poenas
1156 4663 1280 4768 persol·

158 4778 233 4870 vit,
258 4803 339 4852 non
365 4778 513 4857 Cassius
538 4783 794 4860 Parmensisf‘
