2670 5294
149 708 225 784 1⁰0
506 726 557 780 ns
583 730 621 781 n.
638 728 764 783 vmo
790 728 937 783 som„

148 893 208 970 lte
249 889 437 991 disposuit
478 891 574 968 naen
613 892 733 971 verbo
769 890 993 996 Rutgessius
1038 891 1084 969 in
1126 890 1295 971 Lootion.

149 1012 293 1089 Venus.
328 1036 362 1089 e.
389 1013 428 1088 3.
461 1038 502 1113 p.
520 1012 616 1115 246.
648 1020 689 1088 et
715 1008 911 1115 Bentlojus
933 1013 986 1089 od
1008 1012 1166 1089 Horatii
1189 1014 1235 1088 Α.
1254 1014 1294 1089 P.

150 1158 190 1211 v.
218 1133 308 1208 260.
367 1132 521 1208 nabent
551 1129 627 1206 hoo
659 1127 919 1234 fragmentum
940 1130 992 1207 Η.
1012 1129 1235 1232 Stephanus
1256 1160 1292 1233 p.

150 1252 262 1345 426„
303 1248 393 1325 Ant.
427 1250 577 1327 Delrius
608 1249 652 1324 in
685 1247 886 1353 syntagm.
918 1248 1037 1353 Trog.
1068 1250 1161 1327 Lae
1193 1250 1289 1329 Ρ.Ι.

150 1366 329 1472 p.152.,
361 1368 407 1443 Ρ.
437 1367 650 1446 Serivesius
683 1369 727 1446 in
759 1367 965 1446 collectan.
1000 1370 1085 1446 Vet.
1111 1370 1287 1473 unm

154 1490 262 1583 157„
293 1487 463 1587 itemque
487 1487 646 1563 Bothius
669 1487 713 1562 in
736 1488 845 1564 Poet.
861 1486 976 1564 Soen.
991 1486 1122 1565 Latin.
1145 1489 1233 1566 Vol.
1246 1488 1287 1565 V.

153 1609 195 1682 P.
211 1608 244 1682 Ι.
269 1609 406 1707 p.272.
459 1607 617 1682 Godioes
633 1606 857 1701 Quintiliani
871 1608 988 1683 etiam
1000 1608 1065 1685 hio
1081 1608 1287 1710 promissus

156 1726 201 1807 V
194 1752 312 1801 arum
343 1733 384 1801 et
419 1727 464 1806 V
458 1751 598 1800 arrum
630 1726 833 1803 exhibente
878 1725 1049 1805 Varium
1082 1728 1190 1803 dedit
1220 1724 1288 1830 jam

154 1846 370 1941 Gesnenss,
417 1846 487 1947 qui
518 1845 636 1920 etiam
668 1868 742 1946 pro
764 1845 868 1945 fero
897 1846 1035 1921 molunt
1066 1847 1146 1949 legi
1168 1847 1288 1947 ferre.

152 1967 205 2043 st
225 1966 366 2066 ferre,
407 1965 533 2065 inquit
563 1962 830 2067 Spaldingius,
873 1987 946 2065 pro
958 1964 1061 2065 fero
1085 1989 1178 2041 non·
1192 1962 1290 2065 odju-

154 2093 264 2163 vatur
287 2108 311 2160 a
334 2084 465 2176 libris,
499 2090 541 2158 et
563 2083 758 2159 robustius
790 2083 966 2178 videon,
998 2083 1033 2159 si
1044 2084 1196 2183 faeere
1218 2092 1289 2159 tsn-

153 2212 258 2297 tum,
298 2227 379 2276 non
410 2203 506 2276 item
529 2203 668 2300 fem,
711 2224 756 2278 se
786 2202 872 2304 oogi
902 2203 1007 2278 diost
1037 2203 1198 2280 Atreus.
1250 2202 1289 2276 ln

154 2320 250 2395 cod.
276 2318 405 2396 Guelf.
428 2319 594 2396 lectione
617 2344 711 2395 vero
736 2320 830 2396 lutet
853 2327 1009 2422 reoepto
1033 2321 1166 2397 leetio.
1216 2323 1291 2397 Duo

154 2437 353 2514 oontinuos
377 2439 420 2514 in
443 2435 581 2542 jombis
596 2436 746 2517 Latinis
761 2440 955 2541 spondeos
967 2441 1292 2519 inustravittsnt·

155 2551 254 2656 lejus
280 2556 307 2630 l.
330 2580 365 2632 o.
733 2588 736 2593 ·

257 2725 309 2801 II.
341 2726 484 2804 Marius
510 2728 725 2806 Victorinus
749 2730 833 2807 Art.
858 2727 927 2806 Gr.
944 2726 1101 2806 Libnl.
1125 2758 1169 2832 p.
1188 2731 1295 2808 25⁰3.

154 2845 218 2941 1¹0,
244 2848 312 2922 ubi
338 2849 386 2924 de
411 2847 557 2925 musioo
574 2850 726 2925 orbium
741 2849 964 2927 eoelestium
982 2859 1174 2927 conuentu
1190 2874 1296 2953 egens

156 2966 227 3041 aits
258 2966 344 3061 „De
378 2993 457 3067 quo
483 2968 619 3045 Varius
651 2968 706 3045 sio
730 2968 864 3044 tradita
890 2966 1070 3071 prunum
1094 2969 1191 3046 huie
1213 2997 1297 3045 oer-

155 3082 216 3158 vis
240 3096 386 3184 septem
410 3097 466 3160 est
489 3084 643 3161 sistente
657 3090 789 3187 fides,
816 3086 995 3189 variique
1019 3087 1155 3165 addite·
1166 3115 1297 3166 vocum

156 3202 287 3294 modi,
331 3204 388 3277 ad
419 3230 515 3305 quos
545 3205 689 3283 mustdi
719 3220 880 3283 resonat
915 3208 1297 3285 tonorumve!-

156 3320 282 3398 veuts's
305 3319 350 3397 ὅτι
373 3324 582 3422 vestigiu.“

257 3491 476 3595 Rutgersius
500 3495 528 3571 l.
554 3520 589 3571 o.
614 3495 711 3573 haee
735 3520 891 3597 φιοφιο
915 3497 1035 3574 verbs
1060 3520 1110 3573 ex
1130 3497 1296 3596 Thyeste

156 3613 351 3712 tragoedis
375 3638 463 3689 esse
486 3621 654 3714 putatet
670 3616 898 3716 pertinuisse
913 3616 963 3691 sd
979 3616 1167 3713 chorum,
1193 3613 1296 3720 ossius

157 3730 347 3806 continno
379 3753 432 3807 ex
463 3734 746 3834 Anapoestiois,
780 3736 912 3835 quales
942 3735 984 3809 in
1017 3734 1193 3815 Soneooe
1221 3747 1297 3813 trs·

157 3850 302 3951 goediis
332 3851 591 3949 invenianun,
625 3857 881 3957 compositum
913 3852 1043 3931 fuerit.
1102 3856 1205 3933 llino
1233 3852 1295 3932 Jo-

157 3968 267 4069 sophi
300 3966 484 4071 Scaligeri
517 3967 703 4073 judicium
737 3982 911 4067 secutus,
953 3973 1022 4073 qui
1045 3974 1163 4051 simili
1185 3975 1292 4051 modo

154 4090 361 4166 nonnullos
394 4087 565 4166 Senecae
597 4092 734 4168 choros
766 4094 1017 4191 distinxerat,
1056 4118 1195 4171 versun
1217 4116 1294 4171 mo·

156 4216 352 4287 nometros
375 4208 466 4288 feeit
488 4211 543 4287 ita
568 4213 807 4288 emendatos:
892 4214 896 4221 '

514 4369 568 4386 -
591 4329 770 4405 Primum
793 4331 884 4406 huic

516 4447 658 4527 Nervis
681 4462 826 4551 septem
849 4462 908 4527 est
1003 4473 1006 4478 ·

515 4569 678 4645 quenta
692 4569 824 4670 fides:

511 4686 556 4763 V
549 4686 702 4788 ariique
724 4687 836 4764 modi

515 4803 667 4883 Addici
687 4831 838 4901 vocum,
910 4884 915 4895 ,
