2670 5294
397 284 446 333 ns
474 283 850 336 csss1orsumsus1.
1134 264 1209 340 253

44 444 198 539 tionis,
224 452 269 518 ut
302 443 548 520 casaubonus
572 455 676 522 recte
700 447 920 542 admonuit,
952 446 1098 524 Romae
1130 477 1208 526 non

49 565 215 656 ederat,
242 586 287 639 ao
312 563 519 639 verisimile
545 574 624 658 est,
651 589 740 639 eum
764 590 815 639 ne
833 568 1028 641 conscirnn
1053 569 1208 667 <pridem

50 678 181 757 fuisso
206 682 508 781 conspirationis.
560 683 694 781 Itaque
720 684 752 758 si
769 710 848 759 non
865 685 1076 779 Domitius,
1104 695 1208 762 certe

53 797 172 875 Sext.
206 797 411 901 Pompeius
444 801 670 875 eximendus
712 810 794 876 erat
828 828 880 876 ex
922 800 1207 903 conjuratorum

53 941 225 993 narmero
251 927 292 993 et
317 918 469 1012 ordine,
505 922 573 994 sed
599 920 811 1019 recipiundi
832 921 966 994 Labeo
992 930 1033 995 et
1064 924 1208 997 Trebo-

54 1033 178 1125 πίω,
221 1045 265 1109 ut
296 1034 377 1138 jam
419 1038 670 1113 observanmt
711 1037 905 1113 Fabricius
948 1041 997 1112 ad
1043 1041 1207 1114 Dionem

58 1152 166 1228 Cass.
191 1152 299 1229 Libr.
308 1155 449 1229 XLIV.
475 1181 508 1231 c.
535 1157 594 1230 14.
621 1157 708 1230 Vol.
727 1154 774 1230 V.
809 1182 848 1255 p.
864 1157 952 1230 416.
979 1159 1026 1231 cl.
1052 1161 1143 1231 422.
1172 1167 1209 1233 et

60 1272 328 1348 Tzschuckius
361 1276 409 1349 ad
434 1273 592 1371 Errtrop.
619 1272 726 1346 Libr.
748 1273 815 1346 VI.
843 1299 875 1348 c.
895 1272 957 1348 25.
983 1304 1021 1373 p.
1043 1278 1131 1349 414.
1148 1302 1206 1374 sq.

165 1393 223 1467 Ac
257 1394 306 1468 de
342 1392 382 1467 C.
411 1393 608 1467 Trebonio
643 1392 802 1487 quidem
831 1392 1035 1465 dicerulmn
1059 1395 1122 1466 hio
1148 1403 1207 1467 est

58 1513 176 1611 patrio
203 1512 414 1610 copiosius,
441 1535 528 1585 urm
554 1506 721 1609 Velleius
746 1509 968 1583 Patercnlus
995 1534 1083 1583 eum
1109 1512 1209 1586 dicat

58 1631 233 1731 primum
258 1654 310 1703 ex
334 1627 637 1703 interfectoribus
660 1628 752 1703 iulii
778 1628 948 1703 Caesaris
973 1636 1097 1702 morte
1113 1653 1209 1727 poe·

58 1772 132 1823 nas
157 1749 317 1822 dedisse.
369 1747 469 1819 Ernn
494 1746 534 1819 in
566 1747 801 1844 principibus
828 1743 1111 1847 conjuratortnn
1136 1773 1208 1820 nu-

58 1874 216 1940 merant
249 1866 377 1941 Livius
409 1865 574 1963 Epitom.
607 1862 715 1936 Libr.
735 1864 866 1938 CXVI.
894 1874 932 1939 et
958 1866 1029 1940 Dio
1057 1866 1208 1940 Cassius

59 1984 172 2059 Libr.
191 1983 327 2059 XLIV.
355 2007 388 2058 c.
410 1985 491 2074 14„
526 2006 570 2055 oc
596 1979 765 2083 Vellejus
791 1983 1010 2057 Patercuins
1037 1983 1144 2057 Libr.
1157 1983 1208 2056 ΙΙ.

61 2127 97 2178 c.
116 2102 183 2177 56.
208 2113 240 2192 §.
261 2107 294 2177 1.
320 2128 412 2178 eum
436 2101 731 2200 ingratissimum
757 2104 936 2175 adversus
962 2104 1099 2175 merita
1117 2102 1207 2177 Julii

62 2222 236 2297 Caesaris
261 2218 490 2319 appellat³⁹).
543 2220 639 2292 Nam
667 2220 752 2311 iiic,
786 2227 987 2316 postquam
1013 2220 1208 2292 Tribunus

61 2339 187 2440 plebis
220 2364 256 2414 a.
285 2342 328 2413 U.
364 2338 407 2414 C.
443 2336 534 2413 699.
568 2340 692 2436 legem
727 2337 887 2427 tulerat,
930 2346 974 2409 ut
1000 2337 1142 2412 Gallias
1167 2338 1208 2410 in

64 2642 205 2723 ducm“,
233 2646 284 2706 ubi
314 2643 430 2705 Cortins
459 2644 558 2705 laudat
585 2641 777 2718 Malespiuaru
806 2644 837 2702 in
857 2640 950 2702 Cicer.
972 2643 1007 2702 ed
1029 2640 1205 2702 Atriavlt.

63 2730 124 2807 Ep.
144 2740 196 2794 11.
217 2731 319 2791 int-
353 2731 513 2791 Caecilium
541 2740 570 2789 et
599 2728 798 2788 Bucoiianum
819 2729 972 2805 Appianas
994 2731 1061 2788 dicit
1084 2723 1208 2807 ἀδελφώ

66 2812 140 2890 «tto,
171 2838 293 2891 quorum
313 2818 455 2892 posterior
475 2814 654 2875 Buciiinuas
680 2818 839 2873 nominatur
864 2837 881 2872 a
903 2813 1041 2874 Cicerone
1058 2815 1094 2872 ad
1117 2814 1209 2873 Attic.

65 2900 151 2963 Libr.
168 2900 245 2961 XV.
267 2900 324 2978 Ep.
343 2909 393 2963 17.
417 2913 446 2960 et
466 2899 559 2962 XVI.
578 2898 632 2974 Ep.
649 2906 680 2960 4.
703 2901 771 2974 ibiq.
791 2897 900 2958 Orelli.
917 2935 958 2945 -
980 2899 1093 2958 Rubrii
1105 2920 1210 2975 cogno·

65 3008 132 3046 meu
153 2989 271 3046 vacillat
291 2987 367 3063 apud
377 2985 565 3061 Appianum,
588 2984 637 3042 nbi
652 2982 932 3060 Schweigba'userus
951 2985 1040 3043 edidit
1054 2979 1211 3063 Ῥούβριον

63 3064 168 3150 Ῥῆγα,
190 3073 258 3131 lieet
277 3071 352 3132 banc
364 3075 530 3147 scripturum
545 3070 583 3129 de
605 3069 708 3129 ruendo
722 3082 882 3143 suspectam
893 3069 1024 3129 baberete
1048 3092 1074 3129 r.
1085 3070 1207 3128 Adnott.

66 3153 140 3217 vot.
155 3156 213 3217 111.
236 3179 265 3233 p.
280 3164 354 3219 77⁴.
374 3178 420 3232 sq.
438 3192 482 3204 —
511 3155 646 3215 Pontium
666 3154 833 3233 Aquilm,
855 3155 894 3213 D.
907 3154 991 3214 Bruti
1015 3157 1157 3229 legatum,
1181 3158 1210 3213 in

68 3262 163 3319 pugna
171 3240 330 3302 Mutinensi
352 3245 474 3317 periisse
489 3242 588 3301 scribit
598 3237 692 3298 Poilio
707 3243 738 3296 iu
747 3236 877 3298 Ciceron.
891 3237 982 3313 Epist.
994 3241 1152 3296 adDivers.
1164 3238 1207 3296 X.

67 3347 93 3386 c.
115 3334 167 3388 33.
197 3328 225 3402 5.
252 3336 320 3404 to,
355 3346 479 3402 eumque
509 3339 603 3385 statua
634 3325 802 3383 honoratum
823 3343 905 3396 esse,
934 3325 1023 3381 refert
1044 3324 1101 3381 Dio
1124 3324 1208 3383 Cass.

66 3410 151 3471 Libr.
171 3409 292 3472 XLVI.
319 3434 345 3472 c.
361 3417 413 3472 ⁴¹).
439 3445 478 3458 -
508 3413 563 3471 Cn.
585 3409 735 3469 Domitius
756 3406 973 3466 Ahenobarbus
996 3410 1211 3481 percussoribus

68 3495 203 3559 camus
232 3496 471 3556 sdnnmsrstrrre
500 3494 637 3555 Cicerone
664 3492 791 3567 Philipp.
818 3491 858 3552 11.
889 3515 914 3552 c.
943 3503 993 3554 tt.
1020 3505 1048 3551 et
1077 3491 1211 3551 aDioue

69 3580 153 3642 Cass.
177 3579 260 3640 Libr.
276 3579 426 3641 XLtht.
449 3602 473 3640 c.
489 3589 538 3643 7.=
560 3574 577 3641 b
604 3577 664 3661 γὰρ
689 3577 840 3653 Δομίτιος
862 3566 900 3656 ἦν
919 3578 975 3654 μὲν
992 3580 1052 3636 τῶν
1068 3574 1211 3656 upaya'nn'

68 3690 97 3727 s.
113 3688 142 3727 r.
160 3666 209 3741 1.,
234 3667 285 3727 sed
306 3688 371 3726 enm
393 3667 469 3725 inter
490 3669 619 3726 conscios
641 3668 737 3738 necis,
763 3684 932 3739 quamquam
955 3667 1094 3721 insontem
1103 3706 1114 3734 ,
1147 3663 1212 3738 iege

69 3749 158 3812 Pedi·
174 3751 337 3810 demnatum
355 3770 420 3811 esse
436 3752 522 3810 tradit
537 3750 692 3811 Suetonius
713 3751 743 3807 iu
754 3746 823 3807 Ner.
845 3771 870 3807 c.
882 3757 911 3808 3.
930 3749 988 3807 vid.
999 3746 1157 3806 BCrnsius.
1170 3778 1210 3792 -

68 3835 117 3897 De
143 3834 197 3895 M.
230 3836 368 3896 Antistio
391 3833 531 3895 Mesae
559 3841 770 3912 conjuratorum
802 3836 880 3893 socio
911 3832 1039 3891 dubitare
1070 3852 1123 3890 nos
1156 3853 1213 3889 riou

67 3924 137 3983 sinit
153 3918 322 3982 Plutarchus
342 3923 372 3982 in
391 3919 478 3986 Brut.
503 3942 529 3982 e.
550 3928 601 3983 tt.
626 3922 665 3981 ct.
683 3918 814 3993 Appiau.
837 3919 867 3977 d.
892 3915 930 3976 B.
950 3917 1015 3978 Ciu.
1047 3916 1131 3976 Libr.
1150 3916 1211 3978 1v.

67 4028 96 4069 e.
119 4012 193 4068 tes.
728 4056 736 4063 .

156 4095 213 4165 89)
243 4092 291 4153 De
319 4091 353 4150 C.
381 4089 529 4152 Trebonio
553 4091 660 4151 videsis
690 4108 764 4165 quse
794 4087 970 4163 collegerunt
997 4086 1145 4148 distantius
1178 4087 1213 4145 ud

67 4171 220 4238 Ciceronis
246 4175 284 4235 sd
310 4174 429 4236 Divers.
458 4174 540 4235 Libr.
560 4173 635 4235 Xli.
658 4174 734 4250 Epp.
759 4178 810 4233 15.
833 4183 861 4231 et
886 4179 955 4246 16„
992 4169 1159 4232 Wetzeiius
1183 4175 1211 4228 iu

68 4258 167 4321 Praei.
189 4261 228 4321 sd
248 4257 378 4322 Cieeron.
401 4259 439 4319 ad
459 4258 577 4320 Dirers.
601 4259 684 4321 Libr.
699 4257 744 4318 Χ.
765 4255 804 4317 Ν.
821 4254 878 4316 lv.
900 4280 928 4333 p.
948 4266 1020 4319 314.
1039 4280 1083 4332 sq.
1109 4269 1136 4315 et
1157 4255 1214 4311 Fa·

66 4347 180 4407 bricius
200 4344 238 4407 sd
255 4346 345 4408 Dion.
367 4343 452 4407 Cass.
475 4344 561 4408 Libr.
576 4342 696 4407 XLIV.
720 4364 747 4407 c.
766 4348 816 4404 19.
839 4340 923 4405 Tom.
939 4340 981 4404 V.
1005 4364 1034 4418 p.
1053 4348 1124 4401 420.
1144 4336 1189 4394 St·
