2670 5294
469 618 520 671 ns
547 619 583 695 s.
610 619 736 673 varro
764 621 909 674 ror-:ra-
1211 600 1262 676 39

108 781 155 857 ἰιι
198 781 371 858 vircnrm
402 783 616 883 potantium
653 784 815 885 gratiam
854 783 1071 861 insinuaret.
1136 784 1261 885 Atque

110 901 212 977 milri
246 901 402 978 illenim
434 910 653 1001 temporum
677 903 865 979 rationem
889 912 1063 979 accurate
1087 905 1261 980 conside-

110 1020 219 1095 ranti
252 1028 293 1094 et
325 1017 568 1122 conjecturae
606 1045 681 1121 ope
714 1023 960 1122 persoqrerrti
999 1022 1068 1099 vix
1102 1023 1260 1098 amium

112 1146 193 1233 cst,
227 1138 324 1238 quin
348 1140 527 1215 Horatius
552 1164 624 1239 per
648 1164 790 1216 annum
813 1141 1045 1235 11.c.713.,
1072 1165 1189 1240 quem
1208 1164 1261 1217 ex

112 1282 245 1360 pugna
258 1259 495 1358 Philippensi
519 1259 687 1357 primum
701 1260 846 1335 Romae
870 1261 1071 1363 transegit,
1098 1270 1164 1335 aut
1180 1263 1261 1361 pri-

111 1403 222 1452 mum
253 1378 296 1450 in
319 1376 470 1479 Virgilii
493 1378 668 1454 notitiam
702 1403 747 1455 ac
773 1382 1089 1457 consuetudinem
1114 1381 1261 1458 venerit

112 1504 180 1572 aut
213 1497 410 1596 pristinam
440 1521 530 1572 cum
561 1522 610 1572 eo
643 1499 981 1595 necessitudinem,
1019 1524 1097 1599 qua
1120 1496 1199 1602 jam
1223 1522 1257 1573 a.

112 1618 159 1691 U.
188 1616 232 1691 G.
257 1620 365 1710 707„
407 1617 477 1690 ubi
518 1615 719 1719 Virgilius,
767 1627 810 1693 ut
849 1643 966 1718 supra
1000 1628 1032 1710 §.
1058 1618 1094 1694 5.
1131 1626 1259 1693 osten·

112 1736 261 1829 «limus,
304 1734 450 1809 Romae
482 1744 738 1812 commoratus
771 1735 915 1833 Symni
947 1737 1136 1837 Epicureo
1163 1761 1258 1836 ope-

110 1878 196 1929 ram
221 1855 372 1929 detlisse
394 1855 573 1949 traditam,
599 1881 692 1930 usus
716 1855 860 1950 fircrat,
885 1857 1142 1951 renovaverit,
1169 1880 1258 1930 oum

110 1973 336 2049 Mantuanus
360 1974 425 2059 ille
451 1975 590 2049 corlcm
618 1975 770 2050 circiter
793 1982 967 2074 tempore
993 1998 1172 2077 agrorum
1196 1997 1259 2048 re·

110 2094 417 2192 cuperamlorum
442 2116 575 2168 caussa
597 2094 639 2167 in
659 2094 762 2169 Urbe
785 2103 1012 2171 versaretur.
1064 2092 1259 2193 Quidquid

108 2208 194 2312 ejus
221 2208 462 2314 conjectamus
495 2220 574 2307 est,
608 2212 649 2285 id
674 2212 805 2287 saltem
837 2213 984 2289 nemini
1007 2213 1257 2312 improbabile

107 2331 325 2424 videbitur,
366 2331 567 2407 lloratium
597 2329 743 2406 Romae
774 2332 1056 2407 delitescentem
1090 2331 1257 2430 potuisse

106 2449 285 2525 inaudirc
308 2451 359 2525 ‹le
382 2449 562 2552 Virgilio,
588 2449 657 2548 qui
681 2450 732 2524 ob
750 2448 910 2549 Eulogas
934 2451 983 2524 alr
1009 2449 1141 2523 Asinio
1168 2448 1257 2521 Pol-

105 2568 211 2643 lione
237 2568 279 2641 in
304 2569 462 2670 gratiam
486 2592 532 2643 ac
556 2569 716 2643 urtelam
738 2576 916 2668 receptus
940 2577 980 2643 et
992 2593 1062 2668 per
1077 2570 1257 2643 eumdem

108 2684 325 2762 Maecenati
356 2696 399 2763 ct
423 2687 573 2763 Caesari
599 2685 806 2763 Octaviano
834 2688 1119 2762 commendatus
1144 2687 1258 2760 amis·

111 2830 173 2881 sos
198 2830 311 2907 agros
335 2807 649 2906 recuperavisset.
701 2806 867 2879 Maronis
894 2805 1008 2905 igitur
1024 2812 1090 2878 aut
1107 2804 1256 2878 monitu

116 2932 178 2998 aut
215 2928 396 3025 exemplo
429 2927 604 3000 incitatus
636 2923 815 2998 Horatius
848 2924 1017 3023 primum
1051 2923 1150 3021 cepit
1180 2946 1256 2996 non

120 3048 192 3116 tam
215 3043 425 3142 impeturn,
467 3069 546 3143 (pro
580 3050 715 3118 natura
739 3040 933 3117 ferebatur
939 3094 953 3136 ,
994 3056 1112 3140 (pram
1136 3039 1258 3116 consi-

124 3158 206 3236 lium
231 3163 395 3237 carmina
421 3163 632 3257 scribendi,
671 3162 828 3261 quibus,
865 3161 1062 3237 conciliato
1088 3160 1161 3235 sibi
1186 3184 1258 3234 no·

129 3277 246 3357 lilium
270 3282 443 3358 vironnn
468 3280 619 3377 lavore,
646 3288 801 3356 suamnl
826 3304 979 3380 quoque
999 3302 1132 3354 renum
1158 3274 1256 3352 affli-

76 3462 85 3491 ,
135 3406 216 3475 ctam
239 3400 495 3476 conditionem
518 3401 673 3477 levaret.
1233 3480 1237 3485 ,

71 3510 90 3623 ’ξ
211 3518 341 3617 Atque
373 3519 532 3594 Horatio
565 3520 606 3592 i‹l
647 3518 794 3594 consilii
826 3516 952 3592 animo
994 3514 1147 3617 agitami
1178 3539 1257 3589 non

65 3630 91 3751 ζ,
136 3634 196 3709 tan
224 3636 366 3712 Caesar
397 3637 622 3713 Octavianus
656 3646 722 3712 aut
755 3636 954 3711 Maecenas
961 3687 975 3729 ,
1009 3657 1127 3731 (pram
1150 3632 1255 3705 idem

77 3754 90 3773 “
135 3746 181 3829 lle
199 3756 341 3851 Pollio,
376 3756 525 3858 Virgilii
552 3765 757 3857 patronus,
792 3755 1014 3830 obversatus
1038 3775 1123 3827 esse
1147 3750 1255 3827 vide-

74 3956 79 3961 ,
135 3872 198 3967 tar,
237 3874 280 3948 in
312 3872 422 3980 cujus
453 3876 614 3977 gratiam
647 3900 691 3950 sc
724 3874 944 3947 insinuaret.
1001 3872 1108 3946 Hanc
1132 3866 1256 3965 sarapi-

135 3987 263 4068 dcnam
295 3994 612 4093 qualemcumque
646 3993 769 4068 hallec
803 4014 882 4090 quo
916 3990 1115 4064 stabiliam.
1165 3984 1256 4060 Pol·

131 4103 223 4187 lonis
256 4113 452 4214 ingenium
484 4120 524 4187 et
557 4112 728 4186 aunuum
760 4118 806 4184 ut
836 4106 914 4211 jam
940 4109 1086 4181 dudum
1110 4104 1256 4203 perspi-

129 4248 199 4307 cere
239 4240 414 4333 potuerat
446 4232 647 4325 Horatius,
689 4231 742 4303 ita
775 4229 868 4303 item
901 4225 1028 4326 magni
1061 4222 1187 4299 facere
1218 4232 1256 4298 et

67 4376 69 4381 ·
124 4350 288 4427 admirari
322 4353 520 4427 debuerat.
589 4351 641 4423 at
674 4346 942 4439 Octavianum,
977 4340 1161 4446 juvenem
1188 4344 1254 4418 illo

67 4545 69 4564 ,
120 4475 285 4571 tempore
327 4494 405 4545 non
448 4469 523 4543 nisi
565 4467 762 4544 calliditate
797 4473 838 4539 et
878 4462 1037 4565 perfidia
1068 4462 1255 4566 insignem
1309 4524 1313 4534 .

116 4590 299 4691 nullisque
325 4591 419 4665 (lum
444 4589 643 4667 virurtibus
667 4586 809 4689 ingenii
844 4584 1035 4682 animique
1061 4607 1255 4659 commen-

113 4708 297 4806 dabilem,
336 4733 505 4806 eumque
545 4707 599 4781 ll.
634 4707 745 4781 Bruti
778 4706 974 4785 victorem,
996 4727 1075 4778 non
1108 4704 1257 4798 poterat
